2640 4764
628 194 689 259 141

101 395 164 459 qua
187 381 332 437 uteretur
353 372 415 436 isto
439 373 608 457 scriptore,
633 373 662 435 ei
685 372 966 456 praescripserunt.
1012 370 1091 435 Inde
1114 369 1211 458 expli-

101 475 253 555 candum,
287 474 314 538 si
343 476 481 541 Orosius
515 477 666 560 imprimis
702 475 770 539 sola
798 475 898 539 verba
926 484 1084 539 mutuatus
1115 485 1163 540 est
1192 495 1212 537 a

101 583 213 660 Floro,
236 584 262 644 si
285 578 449 642 simillimis
471 581 549 664 ipsis
571 580 605 641 in
627 578 709 642 locis
732 578 857 667 singula
880 578 972 665 plura
995 578 1099 642 adfert
1120 600 1211 664 quam

101 685 172 761 ille3
204 683 381 768 eodemque
411 692 515 747 autem
539 693 682 769 ternpore
705 681 868 747 meliorem
892 683 1011 767 ubique
1034 691 1140 746 servat
1162 703 1212 746 or·

103 789 209 853 dinem
239 810 359 866 rerum,
389 797 421 850 et
449 786 580 850 mendas
604 785 693 851 Flori
723 809 790 852 non
819 786 922 851 solum
944 787 1008 865 hic,
1038 785 1211 850 sedetiam

102 892 180 957 alibi
204 896 309 956 evitat.

191 997 256 1060 lam
277 993 440 1059 videamus
464 992 602 1081 singula:

177 1115 259 1194 Apud
282 1115 412 1172 Nostrum
433 1114 471 1182 ΙΙ,
484 1117 508 1168 4.
533 1136 559 1190 p.
570 1115 612 1170 93.
635 1115 662 1170 iu
685 1114 776 1171 verbis
800 1113 1031 1183 „Caeninensium
1054 1123 1159 1191 captum
1181 1133 1212 1168 ac

103 1203 221 1259 dirutum
241 1202 391 1279 oppidum“
410 1203 525 1278 primum
537 1199 647 1256 Florum
666 1200 686 1268 Ι,
701 1206 729 1267 1;
744 1205 784 1257 ll.
804 1200 940 1256 babemus.
968 1200 1031 1256 lllox
1042 1203 1069 1256 in
1083 1203 1126 1267 iis,
1145 1219 1212 1275 quae

102 1289 137 1344 de
157 1287 238 1345 Tulle
257 1287 387 1356 Hostilio,
412 1286 547 1343 Horatinr.
567 1297 594 1342 et
613 1286 756 1343 Curiatior.
778 1290 934 1355 certamine,
959 1286 1046 1362 deque
1065 1281 1141 1343 llletti
1160 1285 1212 1341 Fu·

102 1373 161 1430 fetii
183 1384 269 1430 morte
294 1377 375 1452 ptis.
395 1377 423 1429 in
442 1373 542 1429 Oresio
563 1373 700 1449 leguntur,
725 1377 795 1430 eirca
813 1373 895 1429 verba
914 1395 944 1429 ae
963 1394 1006 1428 res
1027 1372 1211 1439 Flor.l,2;1

102 1465 168 1515 -3.
183 1462 206 1516 6.
220 1462 245 1515 8.
265 1463 451 1535 recognoscis3
470 1468 564 1538 postea
584 1480 652 1535 quae
671 1460 726 1516 ead.
739 1481 797 1538 pag.
818 1460 851 1515 de
869 1459 1015 1536 Tarquinio
1029 1459 1131 1525 Prisco,
1151 1478 1213 1533 qua·

101 1547 138 1603 lia
156 1567 245 1623 neque
262 1548 290 1602 in
301 1545 389 1614 Livio,
409 1547 465 1602 lere
482 1556 617 1603 mutuatus
638 1557 680 1602 est
692 1547 807 1602 Orosius
827 1568 841 1600 a
856 1545 937 1602 Floro
956 1546 976 1613 l,
990 1551 1020 1614 53
1033 1549 1059 1601 5.
1089 1543 1212 1601 Eundem

101 1653 188 1709 aeque
210 1634 317 1710 sapiunt
340 1632 434 1688 Orosii
458 1631 528 1687 dieta
552 1632 585 1689 de
609 1632 756 1709 Tarquinio
775 1631 913 1709 Superbo,
939 1631 985 1689 ubi
1002 1653 1030 1708 p.
1040 1634 1083 1688 95.
1101 1629 1212 1686 Florum

103 1719 123 1788 Ι,
137 1723 167 1781 7;
180 1724 204 1773 5.
224 1716 257 1773 ad
274 1717 387 1773 verbnm
404 1738 489 1795 prope
507 1718 599 1775 habes.
630 1718 725 1796 Neque
743 1718 857 1774 alienum
876 1729 967 1796 putem
980 1717 1089 1773 Florum
1107 1716 1128 1785 Ι,
1142 1719 1173 1783 9;
1185 1719 1211 1773 2.

102 1805 136 1860 ab
155 1807 198 1871 iis,
222 1823 289 1879 quae
308 1803 342 1859 de
361 1803 500 1860 consulum
519 1809 626 1862 nomine
645 1806 760 1862 Orosius
780 1809 867 1882 capite
886 1804 979 1860 ultimo
999 1810 1194 1859 commemorat.

174 1889 272 1945 lterum
294 1888 375 1946 verba
398 1888 473 1946 Flori
491 1891 511 1959 l,
529 1893 559 1958 9;
578 1898 603 1948 5.
626 1894 806 1970 apertissima,
831 1892 877 1946 ubi
899 1890 1015 1946 Orosius
1035 1889 1067 1957 ΙΙ,
1086 1893 1110 1946 5.
1129 1911 1156 1965 p.
1167 1891 1213 1944 96.

104 1976 297 2033 coniurationis
320 1977 494 2033 revocandor.
516 1998 607 2053 regum
625 1999 704 2034 causa
727 1980 888 2033 mentionem
907 1976 977 2032 facit.
1015 1975 1096 2031 Oros.
1116 1974 1148 2040 ΙΙ,
1169 1976 1211 2030 12.

102 2085 129 2141 p.
141 2065 200 2118 119.
221 2083 235 2118 e
253 2061 334 2117 Floro
354 2062 572 2130 l,1l;11-13.
592 2075 684 2120 eontra
702 2063 807 2119 Livium
825 2062 966 2120 Volscos
984 2063 1087 2137 Aequis
1106 2059 1211 2115 adiecit.

103 2149 153 2220 (ci.
174 2149 225 2205 sub
243 2147 320 2218 Liv.)
346 2181 377 2190 —
403 2148 440 2216 ΙΙ,
460 2153 500 2205 19.
524 2154 622 2228 pite.
646 2151 680 2207 de
704 2149 808 2206 excidio
827 2146 963 2203 Veiorum.
989 2147 1138 2222 „hyemare
1161 2145 1212 2202 sub

101 2235 243 2314 pellibus“
267 2244 294 2289 et
316 2234 504 2303 „clandestina
524 2237 707 2315 obreptione“
729 2237 842 2310 vestigia
861 2233 935 2289 Flori
953 2233 973 2301 Ι,
993 2238 1039 2300 12;
1058 2235 1116 2288 Set
1128 2235 1153 2288 9.
1173 2234 1212 2287 in·

103 2322 194 2377 dicare
210 2320 344 2377 videntur.
359 2355 389 2364 -
409 2343 435 2398 p.
449 2325 519 2376 itt:
539 2321 653 2379 Constat
666 2345 680 2378 e
692 2322 771 2378 Livio
786 2320 819 2390 V,
831 2325 873 2376 36.
888 2341 929 2387 eo,
944 2319 978 2375 de
992 2340 1044 2396 quo
1057 2320 1101 2375 hie
1113 2339 1211 2386 sermo,

101 2418 227 2485 tempore
245 2427 299 2462 non
318 2407 451 2475 eonsules,
470 2408 519 2464 sed
538 2409 660 2466 tribunos
679 2409 808 2465 militares
827 2428 874 2462 sex
894 2426 966 2462 eous.
980 2416 1124 2483 potestate,
1143 2407 1213 2460 inter

103 2514 173 2571 quos
192 2504 249 2549 tres
263 2492 348 2557 Fabii,
367 2496 406 2549 rei
424 2493 548 2570 publicae
566 2495 722 2572 praefuisse.
753 2494 814 2550 Non
833 2493 943 2549 dubium
958 2495 1046 2567 igitur,
1065 2493 1129 2565 quin
1141 2511 1213 2546 men-

102 2581 199 2638 dosum
218 2578 286 2635 illud
304 2578 427 2647 „Fabius
446 2580 586 2636 consul“
606 2580 716 2637 eFloro
736 2580 756 2646 Ι,
771 2583 817 2646 133
832 2584 854 2634 7.
873 2581 1011 2633 transierit
1030 2580 1057 2632 in
1070 2577 1211 2642 Nostrum

101 2670 184 2723 immo
208 2686 239 2721 eo
263 2665 433 2733 credibilius,
458 2667 529 2741 quod
554 2666 610 2722 ead.
624 2685 681 2742 pag.
696 2667 754 2720 141.
774 2669 801 2720 iu
819 2663 862 2719 his
887 2666 1061 2731 „universam
1082 2663 1212 2738 reliquam

102 2753 291 2809 iuventutem“
311 2772 370 2827 sqq.
399 2751 474 2808 Flori
493 2753 513 2821 l,
527 2757 574 2820 133
588 2755 629 2807 13.
649 2751 705 2807 lere
724 2751 803 2806 verba
822 2749 958 2805 babemus.

176 2837 245 2893 Tum
266 2839 294 2892 in
314 2836 394 2893 Oros.
413 2837 459 2907 ΙΙΙ,
477 2843 519 2895 22.
538 2861 565 2918 p.
576 2840 633 2894 199.
653 2839 737 2893 siris
756 2836 866 2892 Florum
884 2835 904 2905 Ι,
922 2839 968 2903 15;
986 2837 1004 2890 3
1022 2837 1098 2912 impr.
1118 2834 1213 2891 habes.

103 2923 155 2994 (cf.
175 2923 224 2979 sub
243 2922 303 2979 Liv.
323 2924 357 2979 ad
375 2925 401 2979 h.
420 2923 452 2992 Ι.)

173 3009 259 3065 Porro
282 3013 310 3065 in
334 3008 415 3066 Oros.
437 3009 527 3077 1V‚1.
549 3032 578 3088 p.
592 3014 652 3066 215.
677 3010 751 3065 Flori
773 3010 854 3067 verba
877 3009 903 3079 Ι,
922 3013 966 3079 18;
983 3012 1009 3065 6.
1031 3009 1137 3063 invenis
1156 3006 1213 3078 (de

101 3095 202 3171 Pyrrhi
221 3087 338 3170 regiain
357 3096 459 3152 ltaliam
478 3095 624 3166 adventu),
648 3118 715 3173 quae
734 3096 790 3151 ead.
808 3097 868 3174 pag]
887 3129 920 3137 —
938 3099 1035 3173 pelo.
1055 3095 1213 3171 (depugna

101 3183 138 3239 ad
162 3181 336 3251 Heracleam)
358 3181 468 3238 Florum
492 3183 782 3250 l‚18;7.8f0rtasse
802 3193 828 3238 et
844 3187 861 3238 9
879 3191 947 3259 part.
967 3190 1068 3257 poster.
1087 3183 1213 3257 excipere

100 3268 238 3327 videntur.
257 3299 291 3310 -
315 3268 384 3324 Tum
407 3267 454 3338 lv,
468 3271 490 3323 7.
513 3271 608 3345 praa.
632 3268 665 3324 de
689 3268 776 3324 classe
798 3270 875 3324 initio
899 3266 965 3323 belli
983 3266 1107 3323 Punicil
1131 3265 1213 3321 eeler-

101 3357 171 3412 rime
189 3353 271 3422 lacta,
295 3354 377 3409 verba
395 3354 470 3409 vides
488 3352 564 3409 Flori
581 3354 613 3422 ΙΙ,
625 3359 656 3421 ‘23
670 3359 694 3410 7.
712 3385 749 3395 -
770 3354 817 3423 lv,
829 3356 854 3409 8.
873 3359 969 3432 para
988 3354 1069 3410 verba
1086 3352 1161 3409 Flori
1178 3351 1213 3422 ΙΙ,

101 3443 190 3508 2313.
210 3450 335 3518 prostant
353 3440 387 3495 de
400 3439 541 3517 Calpurnii
560 3440 593 3496 ad
607 3439 773 3523 Camarinqm
791 3461 821 3496 rc
839 3443 980 3515 insigniter
997 3449 1080 3514 gesta.
1094 3471 1128 3481 —-
1146 3439 1211 3494 ibid.
1290 3429 1294 3435 ’

101 3549 131 3606 p.
140 3530 202 3582 236.
226 3526 272 3583 ubi
294 3526 328 3581 de
347 3526 449 3604 Clupea
469 3536 496 3582 et
514 3527 634 3582 castellis
652 3529 680 3581 in
698 3524 789 3583 Africa
809 3528 965 3604 expugnatis
985 3527 1082 3599 agitur,
1105 3525 1211 3581 verbor.

103 3623 194 3670 exstat
212 3612 358 3669 similitudo
378 3634 401 3671 e.
421 3613 493 3669 Flor.
512 3613 544 3680 ΙΙ,
557 3617 587 3682 2;
601 3616 641 3668 19.
658 3646 689 3656 -
709 3616 772 3668 item
791 3612 837 3682 lV,
852 3616 893 3668 13.
916 3632 942 3688 p.
953 3613 1013 3666 253.
1032 3609 1066 3666 de
1084 3610 1212 3687 Scipione

102 3701 217 3777 (postea
235 3699 382 3769 Africano)
407 3699 488 3755 verba
514 3699 641 3774 quaedam
663 3698 738 3754 Flori
760 3699 905 3766 11,o;1o.
928 3697 1033 3754 adsunt.
1054 3731 1085 3740 -
1109 3696 1155 3765 lV,
1168 3700 1210 3754 16.

102 3806 129 3864 p.
140 3788 215 3841 ten:
234 3785 314 3853 „Nec
334 3785 444 3841 dubium
464 3795 513 3852 est,
533 3785 654 3842 ultimum
667 3785 742 3841 illum
755 3784 848 3840 diem“
861 3795 910 3842 etc.
936 3783 1008 3839 Flor.
1022 3782 1054 3850 ll,
1067 3788 1097 3850 6;
1113 3786 1153 3839 19.
1171 3803 1212 3838 sa-

101 3874 197 3948 piuut3
221 3874 296 3928 euius
318 3871 356 3938 ΙΙ,
373 3875 404 3938 63
422 3875 458 3926 23
470 3875 554 3927 -25.
577 3872 659 3927 verba
682 3872 782 3949 passim
806 3880 950 3926 occurrunt
973 3890 1015 3946 ap.
1033 3868 1126 3924 Nostr.
1146 3868 1211 3926 ibid.

102 3979 130 4037 p.
139 3961 201 4014 257.
224 3957 274 4026 (ci.
294 3957 345 4012 sub
362 3956 448 4014 Livio.
468 3987 502 3998 -
520 3955 551 4012 L.
565 3956 582 4012 l.
603 3977 629 4033 p
639 3959 691 4013 258
704 3976 745 4032 sq.
764 3955 873 4012 Florum
892 3956 924 4024 ΙΙ,
937 3959 967 4022 6;
986 3958 1020 4011 31
1035 3965 1062 4010 et
1074 3958 1115 4011 32.
1136 3957 1213 4031 quasi

102 4053 234 4100 mutatum
252 4042 343 4098 habes.

174 4128 315 4185 Praeterea
338 4129 418 4185 verba
436 4129 511 4186 Flori
533 4149 627 4186 cernas
649 4129 778 4185 fortasse:
802 4149 843 4206 ap.
863 4128 943 4184 Oros.
962 4127 1009 4196 lv,
1025 4131 1064 4184 18.
1084 4127 1165 4183 duob.
1184 4129 1213 4182 in

101 4215 155 4272 loc.
174 4235 201 4294 p.
210 4219 264 4273 263
277 4225 304 4271 et
316 4219 387 4284 266,
406 4237 421 4272 e
438 4215 520 4274 Floro
538 4217 572 4286 ll,
586 4221 616 4284 6;
628 4220 663 4274 37
677 4225 705 4272 et
716 4219 774 4282 53.;
799 4236 841 4294 ap.
861 4214 941 4272 Oros.
960 4212 1006 4283 lv,
1019 4218 1062 4271 22.
1080 4215 1177 4290 pute.
1197 4233 1212 4268 a
