2640 4764
585 190 648 256 167

149 363 292 448 Quarum
315 386 418 429 rerum
442 368 551 451 prima,
581 388 673 452 quam
697 365 829 431 diximus
852 367 1035 447 abstrusam,
1057 365 1174 432 credu—.

59 467 122 531 lam
147 468 377 545 orthodoxiam,
400 491 509 534 rursus
531 471 629 534 modo
653 471 720 534 fere
741 470 855 555 triplici
871 482 1012 557 apparet,
1034 475 1168 557 primum

59 572 138 637 odio
169 584 201 636 et
228 577 274 636 ira
304 583 415 636 contra
437 574 575 638 Arianos
600 585 631 639 et
656 575 879 653 Arianismum,
907 579 990 640 sicut
1012 575 1167 661 obsequio

59 687 92 740 et
116 675 289 740 dilectione
311 675 387 740 fidei
412 677 601 742 catholicae:
624 679 877 743 manifestissime
898 679 1026 757 scilicet,
1049 679 1103 743 ubi
1127 678 1167 744 de

57 781 206 844 Valentis
234 791 338 844 morte
362 782 454 860 (Vll,
476 783 519 845 33
543 785 575 844 in
597 782 669 864 fin.)
699 781 839 861 disserit,
869 782 1008 848 dilucide
1033 785 1067 846 in
1090 781 1167 849 odio

58 895 172 948 contra
190 883 397 948 Stilichonem
422 886 570 965 (v11‚37
587 889 654 949 init.
677 909 707 971 p.
721 888 796 951 567.
820 898 852 952 et
873 888 946 966 Vll,
961 888 1037 966 38),
1060 898 1169 972 aperte

57 988 115 1052 ubi
145 987 325 1051 felicitatem
349 987 528 1053 Theodosii
551 999 582 1054 et
603 991 755 1069 Honorii,
785 1001 919 1076 propter
941 989 1038 1055 fidem
1062 992 1169 1055 catho-

57 1091 153 1154 licam
176 1094 288 1154 merito
313 1095 512 1156 evenientem
535 1096 582 1173 iis,
606 1115 731 1180 semper
752 1095 930 1179 praedicat;
953 1104 1020 1157 tum
1040 1097 1095 1180 pia
1112 1093 1170 1158 illa

57 1194 213 1278 fidelique
232 1194 426 1274 credulitate,
449 1220 519 1282 qua,
541 1197 634 1261 nobis
653 1196 779 1282 quidem
796 1197 939 1261 abstrusa
953 1201 1088 1277 ratione,
1109 1196 1169 1262 sed

56 1308 93 1363 ut
122 1301 191 1383 ipse
221 1310 325 1383 putat,
355 1304 388 1364 in
418 1300 552 1387 gloriam
582 1304 809 1386 imperatorum
838 1311 870 1366 et
891 1300 969 1366 fidei
991 1300 1032 1364 ab
1053 1300 1167 1366 iisdem

58 1400 225 1480 defensae,
253 1404 365 1468 horum
397 1416 429 1468 et
452 1409 599 1469 comitum
625 1426 734 1469 corum
756 1428 807 1469 res
830 1404 1011 1489 ubicunque
1032 1405 1169 1469 feliciter

56 1516 163 1592 gestas
186 1506 337 1570 miracula
359 1507 494 1572 reddere
516 1508 600 1582 vult3
615 1509 641 1588 ¹)
664 1508 803 1593 denique
826 1507 919 1571 dictis
942 1519 1054 1571 contra
1071 1530 1168 1596 paga·

57 1631 119 1673 nos
142 1608 261 1694 ubique
283 1612 437 1689 immixtis,
460 1611 573 1697 quibus
597 1615 723 1697 saepius
746 1633 807 1675 nec
821 1613 889 1675 sine
905 1612 1040 1689 fervore,
1063 1634 1167 1698 neque

56 1713 188 1798 illepide
200 1714 228 1792 2)
258 1717 322 1776 suis
346 1717 446 1800 ipsius
471 1714 668 1802 temporibus
693 1736 759 1778 non
782 1715 886 1780 solum
909 1714 1091 1780 felicitatem
1113 1739 1171 1781 ve-¹

56 1840 124 1880 ram
147 1815 318 1895 vindicare,
340 1819 398 1882 sed
422 1823 516 1883 etiarn·
540 1830 571 1882 et
595 1830 755 1883 externam
777 1819 861 1883 illam
885 1830 918 1885 ct
938 1822 1094 1884 internam
1109 1841 1168 1905 po-

56 1923 148 1984 sitam
170 1923 204 1982 in
226 1919 385 2008 religione
409 1921 589 1987 Christiana
612 1921 831 1988 demonstrare
852 1923 968 2004 studet.
982 1923 1011 2002 ³)
1049 1923 1167 2008 Qualia

56 2022 192 2109 quodvis
217 2036 311 2109 caput
333 2026 431 2091 ferme
455 2029 607 2091 continet.

146 2126 297 2191 Adulatio
324 2127 440 2193 domus
468 2133 692 2215 imperatoriae
720 2141 783 2193 tam
814 2141 937 2215 aperta,
969 2139 1006 2194 ut
1033 2127 1167 2216 singulis

55 2231 255 2295 documentis
286 2253 354 2296 eam
380 2233 506 2298 firmare
529 2255 596 2299 non
620 2255 701 2318 opus
724 2239 773 2298 sit.
825 2234 1015 2298 Monearnus
1038 2241 1167 2310 tantum,

55 2337 211 2400 Orosium
241 2339 333 2399 etiam
364 2359 508 2423 quaeque
537 2342 769 2423 inopportuna,
798 2337 946 2426 dignitati
973 2347 1028 2402 aut
1050 2337 1168 2401 honori

55 2438 236 2502 Theodosii
252 2445 374 2519 nociva,
398 2445 529 2505 omnino
546 2441 786 2528 diligentissime
803 2446 948 2520 evitasse,
970 2440 1058 2504 velut
1073 2442 1167 2503 etiam

54 2543 291 2608 confessionem
316 2549 383 2610 eius
405 2556 608 2632 peccatorum
631 2567 737 2609 coram
753 2545 935 2624 Ambrosio,
957 2545 1098 2629 quamvis
1113 2540 1166 2605 vel

55 2648 254 2731 Augustinus
284 2648 369 2713 illius
398 2653 575 2713 meminerit
598 2672 635 2712 ac
657 2649 935 2726 demonstraverit,
966 2645 1167 2732 quemadmo-

57 2750 134 2814 dum
165 2753 257 2813 etiam
285 2753 366 2815 hacc
391 2752 538 2817 laudibus
563 2752 741 2817 Theodosii
763 2755 865 2838 possit
887 2750 1035 2815 adscribi.
1088 2751 1167 2816 Eam

55 2865 161 2919 autem
184 2864 357 2940 propterea
381 2878 399 2919 a
421 2859 543 2921 Nostro
568 2860 714 2921 omissam
737 2859 882 2942 putarim,
905 2877 948 2920 ne
971 2853 1166 2919 crudelitatis

54 2961 172 3044 prioris
195 2960 383 3037 meminisse,
410 2983 448 3023 ac
469 2965 651 3026 memoriam
674 2964 774 3047 patris
795 2962 995 3046 imperatoris
1018 2979 1168 3043 praesen·

55 3067 97 3127 tis
128 3066 343 3126 contaminare
367 3061 509 3127 deberet.
561 3065 673 3150 Aeque
697 3066 764 3129 odii
787 3068 819 3128 iu
842 3064 1051 3128 Stilichonem
1073 3061 1167 3126 aliam

53 3171 188 3252 insuper
210 3188 334 3231 causam
357 3171 508 3252 suspicer,
530 3190 625 3252 quum
649 3171 770 3233 etiamsi
786 3168 996 3231 Arianismum
1018 3169 1078 3230 viri
1095 3186 1166 3251 per·

56 3274 233 3350 horruerit,
261 3293 321 3335 nec
349 3273 410 3334 nisi
440 3271 603 3358 vulgarem
632 3273 809 3358 aequalium
833 3274 1019 3358 opinionem
1042 3269 1082 3334 dc
1104 3270 1167 3334 Sti-

56 3428 258 3438 ..—-—--.--

130 3509 162 3579 1)
187 3508 230 3565 Cf.
249 3511 327 3584 impr.
346 3505 404 3573 Vll,
422 3511 457 3563 35
477 3519 503 3563 et
521 3511 564 3563 36.
584 3507 618 3563 de
637 3506 793 3565 Theodosio
812 3518 839 3563 et
858 3505 892 3562 de
910 3505 1060 3562 lllascezile.
1093 3501 1095 3507 ’

127 3604 163 3674 2)
188 3603 230 3662 Cf.
249 3604 367 3682 praecip.
387 3600 445 3670 Vll,
458 3607 501 3659 37.
521 3602 554 3659 de
572 3602 741 3678 Rhadagaiso
764 3612 793 3658 et
811 3624 833 3658 c.
851 3605 895 3658 39.
915 3601 949 3657 de
967 3600 1069 3656 Alarici
1086 3618 1166 3675 expu-

57 3693 185 3766 gnatione
203 3690 311 3747 Romae.

128 3785 163 3855 3)
188 3784 253 3841 lllihi
272 3783 380 3855 quidem
396 3781 504 3840 videtur
523 3783 650 3850 Orosius,
668 3784 837 3858 quantumvis
856 3784 935 3837 etiam
953 3791 1104 3837 extraneam
1122 3777 1167 3834 ad·

57 3872 112 3926 huc
133 3870 263 3946 quandam
283 3880 431 3948 temporum
450 3889 559 3927 suorum
577 3869 732 3925 felicitatem
750 3889 857 3924 servare
874 3867 994 3935 studeat,
1016 3877 1105 3922 tamen
1124 3885 1168 3921 co-

56 3978 117 4014 rum
144 3957 320 4013 calamitatem
341 3960 388 4012 vix
412 3954 577 4012 abnuendam
600 3958 733 4022 sensisse,
758 3966 785 4011 et
806 3954 868 4011 huic
890 3953 1031 4030 dolorique
1051 3950 1167 4008 fortasse

56 4045 162 4123 patriae
180 4045 293 4099 amissae
310 4042 444 4099 interdurn
464 4050 569 4110 cedens,
588 4042 622 4098 ad
637 4041 732 4098 solatia
746 4041 883 4116 religionis
896 4040 1067 4096 Christianae
1079 4047 1106 4094 e‘t
1117 4057 1167 4114 per

57 4151 116 4186 eam
141 4128 342 4186 confessoribus
365 4131 517 4207 impositam
538 4122 716 4185 humilitatem
738 4128 896 4185 cucurrisse.
932 4127 989 4184 llac
1008 4124 1115 4202 quidem
1132 4134 1167 4180 tx

57 4219 165 4275 ratione
183 4216 317 4294 epilogum
335 4218 432 4294 capitis
449 4221 483 4273 41
503 4214 643 4295 explicem.
