2640 4764
627 194 692 263 172

105 375 199 454 (uam
228 376 282 459 qui
312 372 390 438 alias
415 370 457 437 ad
482 373 646 439 historiam
669 383 847 460 temporum
870 373 999 439 illorum
1021 394 1218 462 cognoscen-

105 476 178 543 dam
200 477 398 556 adhibentur,
420 477 579 558 Socrates,
601 479 799 544 Sozomenus
824 488 856 541 et
873 478 1101 543 Theodorctus
1120 478 1218 542 eccle-

104 582 229 660 siastici,
252 591 285 646 et
300 585 444 647 Zosimus
467 605 530 646 una
553 605 624 647 cum
639 583 823 671 fragmentis
842 582 1084 670 olympiodori,
1108 605 1218 648 eorum

104 706 172 750 non
194 688 257 749 nisi
277 684 406 750 ultimus
429 698 463 751 et
484 690 603 773 primus
626 686 784 772 aequales,
806 684 920 772 reliqui
943 686 1044 775 longe
1061 691 1218 774 posterio-

104 810 165 867 res,
188 810 298 854 0mncs
322 800 425 855 autem
447 795 546 878 magis
569 795 684 855 remoti
704 814 721 854 a
738 790 818 854 locis
833 811 937 854 rerum
954 803 1125 877 gestarum,
1148 814 1218 877 par-

104 894 160 956 tim
189 897 281 958 etiam
308 893 348 960 ab
373 895 421 960 his
443 898 556 981 ipsis;)
585 897 769 980 praesertim
793 917 887 980 quum
910 897 1038 979 saepius
1061 895 1218 959 referatur

104 997 277 1064 secundum
301 1021 419 1078 eorum,
442 1003 496 1086 qui
517 999 614 1064 rebus
636 997 785 1086 gerendis
800 998 1010 1078 interfuerint,
1033 998 1216 1076 relationes,

104 1101 260 1167 nonnulla
283 1101 365 1168 adeo
390 1126 427 1168 ex
450 1107 588 1168 auctoris
610 1106 708 1188 ipsius
732 1113 910 1188 conspectu
932 1104 997 1167 siut
1015 1101 1116 1167 literis
1131 1125 1216 1167 man-

105 1202 189 1271 data.
223 1205 395 1272 Caeterum
417 1207 472 1271 illa
495 1229 605 1271 causas
628 1206 712 1270 bene
730 1205 920 1294 significant,
944 1228 982 1269 ac
996 1205 1136 1292 denique
1152 1207 1216 1271 fide

105 1307 202 1397 digna
223 1310 278 1374 vel
300 1313 346 1374 sic
367 1321 492 1375 narrata
516 1321 645 1388 exstant,
672 1321 709 1374 ut
730 1309 824 1374 facile
846 1331 923 1374 vera
946 1331 965 1373 a
988 1309 1076 1374 falsis
1101 1310 1216 1375 discer-

104 1432 172 1478 nas.
209 1413 337 1480 Vellem
360 1437 437 1480 sane
460 1416 598 1480 Orosius
620 1437 672 1479 res
694 1435 761 1479 non
784 1424 847 1478 tam
870 1426 963 1479 notas
986 1417 1214 1500 supposuisset,

105 1518 162 1582 sed
192 1516 300 1605 potius
328 1524 362 1585 in
383 1521 565 1584 universum
589 1519 735 1583 dillusius
758 1527 932 1582 tractasset.
985 1517 1051 1582 Sed
1074 1523 1214 1603 quamvis

104 1622 184 1687 haec
211 1627 255 1688 ita
284 1627 363 1705 siut,
390 1623 595 1690 nibilominus
618 1626 762 1687 meritum
784 1624 912 1686 minime
935 1621 1119 1709 negandum
1143 1623 1215 1687 huic

105 1729 212 1815 operis
235 1731 318 1813 parti
341 1732 432 1793 inest.

192 1832 378 1918 Priusquam
403 1843 508 1897 autem
532 1831 571 1896 ad
594 1831 745 1896 iudicium
768 1829 810 1895 de
832 1838 903 1895 toto
928 1850 1027 1916 opere
1051 1832 1213 1897 Orosiano

106 1935 307 2014 accedamus,
336 1946 435 2001 totam
458 1941 598 2024 priorem
622 1939 689 2000 eius
711 1944 833 2022 partem
856 1937 1034 2013 maximam,
1061 1958 1156 2021 quam
1180 1959 1214 2000 er

105 2038 174 2102 aliis
202 2041 423 2105 tantummodo
452 2063 508 2105 sua
537 2043 685 2106 hauriens
712 2041 907 2126 composuit,
936 2039 1044 2103 denuo
1067 2042 1219 2125 respicia-

104 2164 182 2221 mus,
204 2166 242 2208 ac
263 2148 358 2230 pretii
379 2156 539 2210 momenta
564 2144 775 2232 exploremus.
816 2141 883 2207 Ubi
906 2145 1011 2205 omnia
1034 2145 1068 2206 in
1091 2147 1214 2206 ratione

104 2251 189 2313 inter
209 2260 371 2313 auctorem
395 2253 526 2334 eiusque
548 2250 654 2314 fontes
677 2245 896 2311 intercedente
919 2245 1103 2311 fulciuntur.
1139 2247 1215 2331 Qui-

104 2370 177 2417 nam
206 2353 239 2415 hi
262 2353 380 2416 fuerint
402 2362 434 2416 et
457 2375 550 2437 quem
571 2355 605 2416 in
628 2351 757 2415 modum
778 2353 817 2414 iis
840 2354 881 2413 sit
901 2372 978 2414 usus
1000 2351 1137 2428 Noster,
1168 2372 1214 2414 ca-

104 2458 172 2542 pite
194 2458 362 2541 superiore
386 2455 558 2520 docuimus,
605 2455 729 2519 Accidit
750 2476 845 2533 vero,
868 2464 903 2518 ut
924 2456 1056 2518 maxima
1079 2454 1214 2518 fontium

104 2560 218 2624 Nostri
240 2581 313 2644 pars
335 2560 540 2624 interciderit.
592 2558 856 2646 Interrogandum
879 2561 992 2645 igitur,
1023 2579 1119 2643 quae,
1143 2581 1215 2643 qua-

104 2660 157 2741 lia,
179 2675 295 2749 quanta
319 2663 556 2750 deperditorum
579 2667 612 2728 in
628 2665 752 2729 Orosio
775 2674 898 2726 servata
922 2666 1003 2726 sint?
1036 2663 1110 2725 Hoc
1133 2666 1215 2725 euim

105 2769 200 2833 nobis
229 2767 382 2853 ponderis
412 2771 551 2843 maximi;
582 2769 633 2832 hic
661 2778 765 2831 autem
793 2769 903 2831 Livius
931 2787 1035 2853 prope
1063 2765 1156 2830 solus
1183 2769 1216 2828 in

105 2894 235 2936 censum
264 2875 366 2950 venit,
395 2895 488 2957 quum
519 2894 600 2958 quac
623 2894 660 2935 ex
683 2870 751 2934 aliis
774 2871 910 2935 fortasse
933 2872 1109 2934 servaverit
1131 2870 1215 2935 Oro-

105 2979 185 3055 sius,
213 2999 231 3041 e
255 2979 369 3041 Tacito
392 2978 559 3062 imprimis,
581 2977 699 3038 minimi
723 2979 786 3038 sint
808 2973 963 3039 ducenda.
1015 2972 1132 3037 Iamsi
1155 2976 1216 3036 sin-

104 3080 180 3169 gula
203 3080 395 3166 spectamuS,
425 3102 506 3166 quae
528 3101 603 3166 prae
627 3079 773 3144 omnibus
796 3077 1003 3164 scriptoribus
1026 3087 1090 3141 tarn
1114 3076 1216 3142 Grae-

105 3187 150 3250 cis
180 3207 271 3270 quam
300 3187 421 3250 Latinis
449 3188 482 3249 in
505 3186 627 3250 Orosio
657 3183 729 3248 solo
757 3193 881 3248 servata
905 3191 1040 3260 exstant,
1071 3191 1104 3245 et
1133 3203 1216 3267 quae

104 3290 170 3355 suis
192 3293 227 3353 in
249 3289 344 3370 locis,
370 3301 519 3375 quantum
542 3287 614 3351 fieri
636 3291 755 3373 potuit,
779 3285 939 3352 enotanda
962 3287 1154 3364 curavimuS,
1179 3308 1215 3349 ea

102 3395 217 3480 igitur,
245 3416 327 3478 qnae
354 3415 509 3479 nusquam
531 3394 592 3455 nisi
614 3394 647 3455 in
670 3392 793 3455 Nostro
816 3393 1035 3468 inveniuntur,
1058 3388 1216 3453 confiten-

104 3496 180 3562 dum
208 3501 318 3582 utique
347 3507 410 3577 est,
438 3519 500 3561 nec
520 3494 618 3559 multa
647 3516 708 3559 nec
732 3496 867 3560 fortasse
889 3497 996 3582 magni
1019 3494 1215 3558 aestimanda

105 3622 185 3666 csse.
237 3600 454 3667 Continentur
483 3602 564 3663 euim
594 3601 673 3663 haec
698 3621 843 3686 magnam
867 3609 989 3685 partem
1011 3601 1044 3663 in
1066 3602 1216 3678 numeris,

103 3708 159 3792 qui
187 3727 245 3790 per
273 3727 323 3785 se,
353 3715 438 3770 certe
464 3703 505 3768 ad
527 3704 689 3767 historiam
712 3703 802 3767 nihili
824 3702 907 3782 fere,
936 3725 997 3767 nec
1018 3701 1124 3767 solum
1148 3715 1217 3768 tan-

105 3830 197 3894 quam
219 3812 357 3887 numeri,
387 3808 444 3873 sed
472 3812 565 3873 etiam
587 3817 722 3894 propter
742 3807 854 3871 Nostri
876 3807 1018 3872 indolem
1043 3807 1215 3873 admodum

104 3910 206 3986 dubii;
237 3911 311 3976 dein
340 3914 373 3977 iu
403 3913 493 3978 factis
518 3911 683 3977 nonnullis
706 3910 932 3998 singularibus,
962 3911 1078 3996 quibus
1101 3911 1216 3978 saltem

103 4015 261 4080 interdum
289 4019 425 4103 pretium
455 4016 615 4104 quoddam
645 4018 744 4095 inest,
772 4038 833 4080 uec
858 4015 1039 4102 ubicunque
1061 4027 1216 4081 venustas

104 4119 256 4206 quaedam
282 4119 385 4198 deest,
415 4132 480 4186 tum
503 4124 537 4185 in
560 4121 655 4184 rebus
678 4123 890 4207 paucissimis,
917 4117 994 4184 alibi
1016 4119 1144 4206 quidem
1168 4125 1217 4186 in-

103 4223 278 4305 veniendis,
301 4247 382 4312 quae
405 4234 511 4304 tamen
531 4247 590 4314 per
604 4227 758 4291 Nostrum
776 4225 903 4290 demum·
916 4223 1124 4314 temporibus,
1148 4228 1217 4312 qui-
