2640 4764
627 226 689 293 102

103 405 207 471 taudis
230 404 359 491 linguae
381 403 465 468 illius
488 403 576 468 libris
600 403 693 467 facile
715 413 875 480 versetur,
896 405 947 465 vix
971 405 1041 488 quis
1065 402 1205 490 negabit,

104 532 165 575 nec
187 509 284 573 verba
308 507 390 572 adeo
418 508 588 587 „Christus
613 511 694 572 enim
719 506 827 594 lingua
851 508 956 594 gentis
981 509 1064 586 eius,
1093 509 1127 571 in
1152 530 1207 593 qua

104 623 197 679 natus
227 623 287 690 est,
317 623 431 677 unctus
460 616 711 698 iuterpretatur“
735 612 815 691 (Vl,
837 613 890 676 20.
913 634 944 696 p.
957 612 1070 691 atu),
1100 621 1207 676 contra

105 737 330 804 quamcumque
353 717 465 780 Nostri
494 715 656 781 literarum
679 717 872 781 Graecarum
897 717 1118 801 cognitionem
1141 736 1208 800 pos-

103 831 178 885 sunt
200 820 316 896 afferri,
339 841 435 903 quum
457 841 534 884 sane
557 824 658 885 miuus
682 830 827 885 accurate
850 818 940 896 dicta,
962 820 1093 882 minime
1108 830 1207 883 tamen

104 925 289 1004 „Christum
298 929 313 956 “
336 922 525 989 Hebraicum
550 924 589 988 ab
608 925 729 990 Orosio
752 934 895 1010 putatum
919 944 988 986 esse
1011 922 1145 987 verbum
1167 926 1208 987 in-

106 1029 220 1093 dicent.
272 1028 405 1091 Maioris
435 1039 521 1092 certo
544 1032 694 1092 momenti
719 1039 781 1104 est,
812 1026 899 1112 quod
923 1026 1063 1091 Orosius
1087 1025 1208 1091 duobus

103 1137 138 1197 in
161 1133 240 1196 locis
264 1132 408 1196 Graecos
431 1134 601 1217 scriptores
626 1141 852 1195 commemorat
873 1133 907 1194 in
930 1133 1122 1209 universum,
1149 1141 1208 1194 tum

105 1234 183 1300 alias
207 1234 350 1300 Graecos
378 1234 457 1299 alios
481 1239 664 1300 nominatim
689 1234 810 1312 laudat,
840 1235 925 1299 hunc
947 1238 980 1298 in
1003 1234 1150 1313 modurn,
1178 1245 1208 1299 ut

105 1338 157 1404 vel
181 1340 286 1404 fontes
310 1360 367 1404 eos
391 1346 517 1403 secutus
542 1361 620 1417 esse,
643 1337 696 1402 vel
719 1342 893 1425 inspexisse
913 1338 1042 1403 eosdem
1060 1337 1207 1416 videatur,

107 1454 161 1509 aut
189 1442 301 1508 saltem
332 1441 427 1507 nobis
449 1440 551 1507 videri
575 1443 700 1508 debeat.
752 1445 815 1507 lam
840 1445 862 1522 l,
881 1445 910 1507 l.
933 1466 963 1528 p.
977 1445 1007 1507 6.
1031 1445 1208 1528 „quoniam

105 1551 214 1635 inquit,
238 1569 348 1613 omnes
371 1546 605 1632 propemodum
628 1557 689 1611 tam
713 1546 798 1632 apud
816 1546 995 1612 Graecos
1019 1569 1114 1631 quam
1130 1545 1208 1632 apud

105 1654 238 1717 Latinos
267 1651 401 1716 studiosi
429 1649 471 1714 ad
493 1651 695 1716 scribendum
719 1653 792 1728 viri,
822 1652 949 1735 quires
972 1661 1079 1737 gestas
1102 1672 1208 1738 regum

106 1756 363 1842 populorumque
388 1792 428 1804 —
452 1755 557 1818 verbis
580 1763 847 1842 propagaverunt,
869 1756 991 1818 initium
1010 1754 1209 1819 scribendis

106 1861 194 1925 Nino
219 1898 261 1910 -
284 1859 425 1924 fecere“:
455 1880 536 1942 quae
566 1857 693 1944 quidem
723 1859 912 1943 scriptorum
937 1859 1139 1925 Graecorum
1164 1861 1209 1921 vix

108 1967 322 2052 cognitionem
346 1962 463 2041 levem,
486 1966 676 2048 minimeque
700 1965 759 2026 iam
784 1983 840 2027 eos
864 1965 897 2026 in
920 1985 1018 2049 opere
1043 1963 1084 2026 ad
1107 1973 1209 2050 partes

106 2080 239 2133 vocatos
269 2069 418 2133 indicant.
470 2067 555 2130 Dein
580 2067 656 2145 Vll,
672 2069 701 2131 l.
726 2091 757 2153 p.
770 2069 844 2133 462.
870 2066 992 2152 aliquot
1016 2066 1209 2132 Graecorum

106 2170 178 2236 libri
201 2172 370 2238 laudantur
393 2175 477 2236 iuxta
502 2171 683 2258 evangelia,
707 2182 739 2235 at
762 2174 879 2235 utiam
903 2169 1035 2247 dictum,
1060 2193 1098 2235 ex
1116 2174 1211 2237 Euse-

106 2276 367 2360 bii-Hieronymi
390 2275 541 2338 chronico
566 2273 723 2361 descripti.
749 2312 793 2323 —
821 2275 990 2339 Praeterea
1013 2274 1209 2340 Graecorum

106 2380 138 2442 bi
168 2379 235 2444 lere
263 2381 350 2442 hisce
377 2381 412 2441 in
434 2376 514 2441 locis
538 2376 577 2442 de
601 2379 695 2442 rebus
719 2401 736 2441 a
759 2379 882 2443 Nostro
905 2381 1039 2442 narratis
1063 2383 1209 2445 citantur:

106 2481 199 2546 Plato
222 2483 245 2561 l,
260 2486 306 2562 9.,
335 2481 546 2568 Palaephatus
569 2484 592 2560 l,
609 2485 650 2547 12
668 2492 700 2546 et
718 2485 767 2546 13.
798 2493 829 2546 et
851 2480 1029 2546 Phanocles
1046 2483 1155 2562 1,12.;
1184 2495 1212 2548 at

106 2588 219 2650 horum
245 2590 374 2650 nomina
398 2596 430 2650 et
453 2585 636 2671 Palaephati
660 2585 700 2650 de
723 2585 963 2650 incredibilibus
986 2586 1068 2651 liber
1093 2609 1131 2651 ex
1154 2591 1211 2652 Eu·

107 2691 207 2770 sebio,
229 2701 265 2755 ut
287 2714 379 2778 supra
402 2690 546 2767 vidimus,
570 2689 722 2776 descripti
744 2702 826 2755 sunt.
865 2689 950 2754 Idem
974 2691 1041 2754 fere
1065 2692 1153 2755 valet
1175 2691 1212 2756 de

107 2795 261 2882 Polybio,
298 2800 385 2860 cuius
416 2797 633 2859 auctoritatem
664 2804 790 2859 secutus
822 2817 891 2859 esse
920 2794 1046 2859 videtur
1074 2797 1212 2862 Orosius

1 2989 2 2993 Ἰ
107 2900 164 2977 IV,
178 2901 230 2964 20.
254 2924 284 2985 p.
297 2902 372 2964 270.
397 2907 429 2962 et
451 2899 491 2975 V,
507 2900 537 2961 3.
560 2920 591 2984 p.
603 2900 694 2972 290.;
727 2899 818 2963 huius
845 2910 949 2963 autem
973 2921 1092 2964 nomen
1116 2903 1213 2988 priori

107 3005 142 3066 in
164 3001 239 3065 loco
263 3004 331 3064 sine
355 3005 442 3064 omni
465 3000 578 3078 dubio,
601 3001 702 3064 altero
727 3002 950 3067 verisimillime
975 3025 992 3067 e
1015 3006 1110 3069 Livio
1135 3028 1213 3070 sum-

108 3109 181 3192 psit.
225 3105 375 3190 Denique
392 3104 521 3190 Iosephi
544 3103 612 3168 laus
636 3115 735 3169 exstat
757 3107 830 3186 Vll,
845 3109 875 3170 6.
899 3131 928 3193 p.
943 3109 1017 3172 469.
1042 3120 1074 3173 et
1098 3111 1169 3189 Vll,
1185 3113 1212 3174 9.

107 3232 138 3295 p.
152 3209 240 3287 leo,
270 3208 325 3273 ubi
346 3208 517 3272 Eusebium
546 3208 724 3294 descripsit3
754 3200 811 3273 illo
835 3210 910 3275 loco
932 3211 1027 3297 plane
1049 3219 1213 3279 mentitum

110 3333 181 3376 esse
202 3313 368 3388 Orosium,
397 3315 430 3375 in
453 3312 592 3398 losepho
623 3323 745 3377 exstare
773 3335 824 3378 res
855 3314 894 3378 ab
921 3319 993 3400 ipso
1016 3330 1214 3396 memoratas,

108 3418 170 3480 iam
193 3437 211 3478 a
234 3415 427 3502 Spanhemio
448 3415 654 3495 observatum
678 3429 734 3482 est.
749 3419 790 3499 79)
836 3417 934 3502 Quod
958 3421 1071 3484 attinet
1094 3422 1136 3486 ad
1154 3425 1214 3487 Eu·

108 3520 188 3584 sebii
212 3521 399 3609 chronicon,
423 3521 498 3582 satis
521 3541 679 3605 superque
702 3525 831 3585 nonnisi
852 3525 1042 3609 Hieronymi
1064 3531 1213 3591 versione

108 3625 221 3688 Latina
237 3624 390 3689 Orosium
411 3641 501 3685 usum
526 3644 603 3701 esse,
626 3635 719 3689 antea
741 3625 885 3691 vidimus.
905 3667 943 3680 -
968 3628 1097 3712 Quibus
1118 3633 1214 3695 omni-

108 3727 168 3792 bus
198 3726 341 3791 collectis
370 3747 436 3789 non
460 3737 522 3790 tam
546 3749 700 3813 quamque
723 3728 852 3816 linguae
877 3742 908 3796 et
931 3732 1091 3797 literarum
1117 3735 1214 3800 Grae·

178 3984 230 4054 79)
252 3985 293 4040 Cl.
313 3985 424 4042 llaverc.
445 3997 499 4042 not.
509 3991 551 4044 29.
571 3988 648 4044 adh.
668 3987 761 4046 Nostri
779 3991 797 4047 l.
819 4023 848 4032 -
870 3991 1047 4072 Palaephatus
1067 4007 1095 4052 et
1114 3997 1213 4054 Phario·

110 4071 164 4127 cles
183 4071 351 4129 intercidere.
388 4071 527 4130 Praeterea
546 4073 599 4130 loci
617 4073 784 4133 laudatorum
802 4078 966 4154 reliquorum
985 4080 1013 4137 bi
1032 4092 1110 4139 sunt:
1129 4082 1213 4140 Plato·

109 4159 151 4212 nis
169 4157 295 4213 Timaeus
314 4158 354 4214 ed.
373 4158 478 4216 Lindau
497 4181 522 4236 p.
536 4163 575 4216 15.
596 4161 654 4231 (ed.
673 4161 801 4239 Stephon.
820 4166 1210 4242 p.13.)PolybiiXV111,1u

109 4253 137 4300 et
152 4245 181 4300 in
199 4264 224 4321 p.
243 4243 351 4320 deperd.
371 4244 389 4300 l.
403 4244 475 4314 XL.;
499 4245 607 4326 losephi
625 4246 750 4306 debello
770 4248 878 4308 ludaico
897 4252 955 4322 Vll,
977 4257 1016 4312 17.
