2640 4764
628 233 694 301 174

193 412 259 478 lam
281 413 309 477 si
331 409 373 476 de
394 413 560 498 scriptore,
580 422 750 498 postquam
765 433 837 476 eum
853 414 886 476 iu
900 419 1214 498 utramquepartem,

105 526 140 583 et
159 514 432 604 reprehendentes
461 526 494 581 et
516 515 681 580 laudantes
704 519 805 581 secuti
827 538 934 580 sumus
963 525 997 580 et
1018 520 1214 605 pervestiga-

104 625 221 700 vimus,
242 620 392 685 iudicium
416 619 493 684 ferri
518 618 740 698 debeat,·fere
761 622 825 684 hoc
847 623 921 685 erit:

194 727 346 790 Orosinm
370 727 556 810 scriptorem
581 746 651 788 esse
675 747 777 809 neque
801 728 932 812 iugenio
955 745 1060 810 neque
1085 738 1154 789 arte
1177 725 1215 789 ad

104 829 254 895 historias
277 828 461 893 condendas
484 828 624 906 felicem,
652 831 701 892 cui
723 837 857 913 propter
879 839 1056 893 asservatas
1080 833 1214 916 partium

105 932 309 1020 quarumdam
333 932 589 997 adumbrationes
613 941 645 996 et
666 932 841 1018 fragmenta
863 930 1015 996 librorum
1032 932 1216 1019 deperdito-

104 1058 189 1116 rum,
217 1041 368 1125 imprimis
390 1038 489 1114 Livii,
518 1039 661 1100 rneritum
690 1039 766 1101 insit
787 1037 1013 1112 fortuitum;
1040 1047 1214 1123 propterea

104 1160 192 1220 vero,
215 1162 297 1228 quae
319 1139 435 1204 ultimis
458 1143 567 1225 operis
590 1143 638 1205 sni
661 1139 817 1225 capitibus
837 1140 935 1217 solus,
957 1143 1080 1204 etiamsi
1096 1162 1213 1225 parvae

104 1255 226 1310 tautum
255 1254 396 1308 veterum
425 1244 626 1308 historiarum
653 1247 752 1330 partis
774 1245 867 1308 fons
889 1244 1033 1323 tradidit,
1063 1265 1214 1332 augmen·

104 1359 169 1415 tum
199 1369 275 1412 sane
303 1349 436 1414 honoris
467 1359 499 1412 et
527 1351 724 1412 auctoritatis
746 1371 920 1436 verumque
940 1351 1087 1412 meritum
1111 1351 1143 1410 ei
1166 1370 1214 1411 ac

103 1455 244 1519 cesserit.

108 1598 111 1603 Δ
192 1558 287 1621 Hunc
314 1559 348 1620 in
377 1554 505 1620 modum
533 1575 606 1618 nos
636 1554 758 1621 hodie
786 1555 975 1633 iudicamus,
1004 1576 1077 1617 nam
1104 1576 1214 1619 unum·

104 1659 256 1745 qnodque
283 1670 408 1744 tempus
435 1657 578 1745 regulam
608 1659 759 1724 observat
784 1660 974 1724 iudiciorum
996 1658 1036 1724 de
1060 1659 1212 1745 operibus

103 1761 265 1841 literariis,
299 1766 449 1849 imprimis
477 1763 648 1842 historicis,
677 1767 814 1849 positam
843 1763 928 1827 illam
955 1766 989 1827 in
1018 1767 1084 1828 suis
1113 1767 1212 1850 ipsius

104 1867 353 1932 conditionibus.
396 1863 433 1930 lu
457 1866 656 1952 praefatione
679 1867 823 1946 vidimuS,
845 1866 940 1953 quale
963 1867 1059 1932 fuerit
1081 1868 1123 1932 de
1148 1869 1212 1932 No·

103 1982 178 2036 stro
202 1971 351 2037 indicium
375 1981 552 2056 temporum
575 1975 833 2056 praeteritorum,
862 1971 977 2056 quibus
999 1975 1093 2035 situm
1117 1971 1212 2035 fuerit

103 2074 209 2153 robae,
232 2084 429 2161 quantopere
450 2077 628 2151 variaverit,
651 2075 915 2160 quemadmodum
937 2075 1061 2161 lapsum
1085 2078 1136 2154 sit,
1159 2076 1212 2139 ubi

105 2182 293 2244 constiterit.
345 2181 416 2244 Nec
443 2200 504 2243 uos
528 2177 681 2258 celemus,
710 2179 781 2260 fieri
802 2200 915 2265 posse,
942 2191 977 2244 ut
999 2202 1057 2265 per
1080 2179 1213 2243 feliciter

103 2293 231 2369 reperta
252 2290 424 2348 auctoritas
447 2284 573 2363 Nostri,
596 2304 688 2368 quam
712 2282 858 2361 diximus,
880 2283 953 2368 plus
978 2288 1071 2347 etiam
1095 2289 1213 2348 minua-

104 2397 165 2452 tur.
208 2389 432 2451 Remotissima
455 2387 581 2472 quidem
605 2390 639 2450 in
660 2398 813 2473 tempora,
837 2392 960 2474 opinor,
983 2391 1121 2475 partium
1145 2387 1213 2452 ulti-

103 2511 223 2555 marum
245 2490 408 2555 constabit
428 2495 574 2576 pretium.

192 2594 286 2678 Quae
309 2618 404 2680 quum
424 2598 467 2659 ita
484 2601 556 2674 sint,
578 2595 720 2660 nondum
736 2594 900 2682 indignum
918 2615 1034 2658 censeo
1050 2595 1212 2671 orosium,

105 2699 160 2782 qui
187 2721 288 2784 aeque
316 2709 411 2784 atque
435 2699 488 2763 alii
511 2701 662 2764 historiae
684 2703 850 2764 Romanae
873 2699 1042 2784 scriptores
1065 2701 1213 2773 minores,

105 2805 336 2868 dementissime
359 2806 440 2867 circa
464 2825 515 2866 res
539 2813 572 2867 et
592 2804 690 2867 verba
708 2808 882 2868 excutiatur
904 2814 998 2887 atque
1020 2805 1136 2866 iterum
1158 2806 1214 2866 ite·

103 2921 236 2992 namque
259 2905 385 2982 edatnr3
412 2910 561 2991 quoniam
586 2929 690 2992 neque
711 2909 771 2971 hac
793 2929 897 2992 neque
919 2906 975 2970 illa
996 2909 1138 2984 ratione,
1162 2915 1214 2968 ant

104 3011 138 3073 in
161 3018 264 3073 textus
286 3013 482 3087 recensione,
506 3020 560 3073 aut
582 3012 617 3072 iu
640 3014 872 3076 commentariis
895 3015 1082 3087 necessaria,
1105 3032 1148 3075 ne
1171 3008 1221 3074 di-⁴

104 3133 173 3176 cam
195 3111 400 3194 sufficientia,
422 3112 581 3199 laudeque
604 3113 702 3202 digua
724 3118 950 3203 praestiterunt
970 3117 1031 3179 viri
1053 3114 1154 3179 docti.

460 3354 800 3405 snnrrsunurvm
833 3353 856 3407 1.

328 3469 388 3534 DE
418 3469 548 3536 STILO
577 3472 736 3537 OPERIS
765 3471 989 3538 OROSIANI.

93 3629 96 3634 ’
193 3627 366 3713 Sequentia
389 3628 540 3694 duntaxat
562 3631 851 3695 animadversiones
874 3633 1041 3696 continent
1061 3629 1213 3717 singulas,

106 3729 216 3817 quales
239 3735 272 3795 iu
294 3735 406 3796 iterata
430 3755 530 3818 eaque
546 3732 692 3821 diligenti
708 3735 878 3799 cuiuslibet
892 3737 1056 3820 scriptoris
1072 3733 1212 3799 lectione

105 3845 286 3914 occurrunt,
316 3858 392 3920 quas
416 3836 542 3922 quidem
566 3837 665 3923 pluris
688 3860 755 3901 nou
778 3860 931 3917 censeam,
955 3860 996 3902 ne
1020 3837 1123 3902 dicam
1146 3859 1212 3901 rem

102 3937 318 4017 absolventes,
341 3939 381 4003 ad
405 3940 490 4025 quod
514 3943 736 4027 praestandum
759 3966 809 4007 me
830 3965 938 4028 parum
955 3941 1159 4029 philologum
1183 3953 1214 4006 et

105 4045 338 4130 grammaticum
362 4066 433 4109 esse
454 4047 595 4134 ingenue
617 4047 783 4132 profiteor.
819 4044 986 4111 Nonnulla
1004 4045 1080 4111 loco
1098 4047 1214 4132 aptiori

106 4144 243 4228 adiicere
267 4149 376 4213 nescii.
1123 4157 1128 4166 '

649 4283 662 4313 t
670 4308 672 4313 .
