2640 4764
592 114 654 181 103

65 311 174 354 carum
197 289 414 376 cognitionem
437 291 564 370 Nostri,
592 313 685 378 quam
711 300 801 356 usum
824 291 858 355 in
881 290 1020 356 historiis
1042 297 1176 381 scripto-

63 416 135 458 rum
159 393 359 458 Graecorum
380 395 414 456 in
438 392 567 459 dubium
590 405 675 458 certe
697 417 858 459 vocemus.

154 497 205 560 Eo
234 487 334 583 magis
357 498 462 560 mirari
484 497 560 562 licet
581 501 642 562 iam
665 509 955 584 supramemorata
977 501 1172 566 Herodotea.

65 601 201 665 Exstant
232 602 314 663 enim
340 599 482 684 [omissis
505 602 527 680 1,
545 605 596 667 19.
620 627 651 688 p.
665 606 717 668 76.
730 605 772 681 80)
796 613 827 668 et
848 604 886 680 ΙΙ,
902 606 933 668 9.
955 627 987 689 p.
1001 607 1074 671 110.
1099 627 1173 671 con-

63 702 206 769 ferendis
229 725 256 767 e.
272 701 391 768 Herod.
416 705 438 782 1,
456 707 528 771 119.
552 707 623 786 VH,
639 709 691 773 89.
709 710 762 773 97.
787 713 836 785 (v.
860 729 954 792 supra
978 709 1037 773 sub
1056 708 1172 795 lust.)]

63 809 237 894 praecipue
258 808 298 885 11,
313 810 343 872 6.
367 830 397 893 p.
412 809 624 890 loo-103„
652 811 709 875 ubi
731 809 826 874 velim
848 810 973 898 singula
997 813 1076 877 haec
1097 834 1174 878 con-

63 912 161 976 feras:

270 1033 402 1088 Orosius
779 1038 891 1091 Herod.
911 1041 934 1101 I,
953 1037 1012 1093 189.

99 1116 229 1193 „Cyrus“
248 1119 337 1194 inquit
359 1120 481 1186 „cunctis
494 1147 529 1159 ··
542 1140 601 1197 per·
670 1118 744 1176 Ἐπεί
760 1145 788 1177 τε
809 1122 926 1195 δΚῐιρος
943 1125 1119 1199 πορευόμενος
1131 1129 1173 1180 tut

63 1203 175 1260 domitis
188 1236 221 1245 -
234 1204 410 1280 Babyloniam
422 1206 491 1281 petit
503 1237 537 1246 -
550 1203 599 1260 scd
635 1210 681 1278 τὴν
693 1209 841 1278 Βαβυλῶνα
856 1215 952 1278 ἐγίνετο
966 1215 1008 1264 ἐπὶ
1019 1217 1047 1266 Γ
1046 1213 1106 1285 ιἰνδη
1121 1234 1172 1266 πο-

62 1291 193 1367 impetum
215 1291 272 1346 eius
292 1289 403 1366 Gyndes
422 1289 534 1358 fluvius,
558 1311 600 1346 se·
635 1294 711 1366 ταμῷ
727 1323 761 1333 -
774 1294 870 1349 τοῦτον
890 1298 920 1364 δι)
939 1297 986 1350 τὸν
1001 1296 1102 1367 Γύνδην
1120 1320 1171 1351 πο-

64 1374 168 1432 cundae
185 1384 250 1451 post
263 1375 426 1454 Euphratem
445 1375 601 1451 magnitudi·
636 1382 723 1453 ταμὸν
742 1380 774 1441 ὡς
793 1384 934 1449 διαβαίνειν
951 1386 1072 1455 ἒπειρᾶτο
1086 1382 1100 1437 ὁ
1112 1383 1172 1436 Κῖν-

63 1465 120 1531 nis‚
145 1463 295 1539 intercepit.
331 1459 399 1518 Nam
417 1481 498 1516 unum
516 1463 601 1536 regio·
637 1488 725 1540 ρος-
741 1465 864 1520 ἐνθαῦτά
882 1473 908 1519 ot
926 1466 976 1520 τῶν
994 1489 1034 1527 τις
1052 1467 1112 1539 ίρῶν
1127 1469 1139 1521 ί
1155 1501 1171 1513 -

61 1569 122 1606 rum
150 1567 293 1624 equorum,
320 1547 436 1604 candore
462 1547 600 1623 formaque
636 1575 690 1606 πων
713 1551 763 1605 σῶν
785 1555 891 1616 λευκῶν,
915 1551 967 1607 ὑπὸ
988 1551 1076 1625 ὕβριος
1093 1555 1171 1621 ἐσβὰς

62 1637 105 1711 (p.
118 1634 192 1705 1⁰1.)
210 1632 399 1703 excellentem,
420 1633 600 1690 transmeandi
636 1645 660 1700 te
675 1640 721 1693 τὸν
735 1640 865 1710 ποταμὸν,
885 1643 1026 1708 διαβαίνειν
1039 1639 1169 1712 ἒπειρᾶτο.

61 1721 161 1778 fiducia
183 1740 354 1798 persuasum,
380 1741 430 1797 qua
453 1742 502 1799 per
525 1742 599 1799 rapa·
636 1725 650 1779 ὁ
674 1727 705 1778 δέ
723 1745 767 1796 μιν
790 1724 934 1798 συμψήσας
953 1725 1111 1798 ὑποβρύχιον
1130 1731 1171 1779 ολ»

61 1826 120 1864 cem
143 1805 249 1863 alveum
272 1805 369 1863 offensi
390 1805 459 1863 vado
481 1808 599 1863 vortices
633 1812 712 1878 χώκεε
732 1817 823 1883 φέρων.

62 1892 265 1960 attollebantur,
282 1891 430 1971 abreptum,
443 1895 601 1971 praecipita·
1168 1901 1187 1927 '

62 1978 328 2056 tumque'merserat.

352 2063 412 2121 Rex
430 2067 514 2122 iratus
534 2065 600 2123 ulci-
633 2068 734 2140 Kotpro
750 2091 778 2122 τε
797 2070 828 2140 δὴ
843 2073 993 2138 1χαλίπαινε
1009 2072 1044 2138 τῷ
1059 2066 1169 2139 ποταμῷ

62 2154 102 2208 sci
130 2153 158 2206 in
183 2170 285 2206 amnem
308 2153 414 2218 statuit,
443 2162 598 2209 contestans
636 2155 650 2208 ὃ
673 2154 762 2226 Κῖιρος
786 2156 871 2224 τούτῳ
897 2154 1047 2228 ὑβρίσαντι,
1075 2156 1121 2208 καὶ
1144 2159 1171 2206 οἱ

62 2259 136 2306 eum,
173 2238 218 2312 qui
250 2256 320 2292 nunc
350 2246 402 2293 tam
432 2237 598 2316 praeclarum
634 2245 803 2310 ἐπηπείλησε,
829 2240 898 2296 οὕτω
927 2239 958 2312 δη
983 2262 1027 2314 μιν
1050 2237 1169 2296 ἀσθενέα

62 2343 159 2401 equum
181 2325 345 2392 voravisset,
368 2324 473 2380 feminis
491 2326 537 2381 vix
555 2343 597 2397 gc·
633 2324 761 2396 ποιησειν,
786 2325 851 2381 ὥστε
874 2329 923 2381 τοῦ
941 2327 1036 2380 λοιποῦ
1059 2330 1103 2379 καὶ
1121 2347 1169 2394 yv-

61 2432 113 2466 nna
131 2409 297 2482 tingentibus
316 2409 503 2488 permeabilem
519 2409 597 2465 rolin·
632 2411 724 2472 ναῖνας
737 2434 781 2483 μιν
794 2410 927 2477 εὐπετέως,
946 2413 977 2466 τὸ
990 2409 1053 2481 γόνυ
1066 2408 1097 2466 οὗ
1109 2419 1169 2484 βρε-

61 2495 228 2573 quendum.“
630 2496 742 2567 χοὺσας,
761 2495 947 2567 διαβήσεσθαι.

133 2599 224 2675 Cyrus
247 2599 309 2655 dein
328 2597 444 2673 Gynden
467 2602 494 2656 in
514 2601 722 2678 quadringentos
741 2602 877 2674 sexaginta
890 2599 933 2669 ΘΙ)
952 2598 1043 2656 alveos
1063 2599 1169 2653 commi·

61 2690 136 2756 nuit,
159 2707 213 2743 sec.
232 2685 332 2742 Herod.
351 2686 371 2754 1,
386 2689 437 2742 189
451 2697 477 2742 ct
491 2691 542 2744 19⁰
554 2689 611 2744 init.
630 2717 664 2727 -
688 2686 779 2761 Cyrus
797 2685 964 2760 Babylonem
983 2687 1067 2762 capit:
1092 2683 1169 2752 (bro-

61 2776 151 2846 viter)
169 2773 316 2850 respondet
334 2772 431 2830 Herod.
451 2773 472 2843 l,
486 2776 545 2831 191.
564 2805 595 2819 -
616 2773 686 2831 Turn
703 2794 729 2851 p.
741 2776 799 2831 102.
819 2773 914 2828 iterum
932 2770 998 2827 baec
1013 2769 1096 2826 babes
1109 2789 1168 2825 eum

61 2860 164 2920 Herod.
184 2858 356 2917 conferenda:

588 3006 592 3012 ,
773 2951 886 3003 Herod.
906 2951 930 3011 1,
949 2947 1008 3002 178.

97 3033 189 3104 „Haec
201 3029 363 3107 (Babylonia
377 3033 429 3104 sc.)
446 3036 531 3109 campi
544 3033 598 3111 pla·
670 3038 768 3088 Κέεται
785 3040 810 3087 ἓν
827 3038 908 3101 πεδίῳ
927 3031 1038 3104 μεγάλῳ,
1056 3033 1168 3103 ,respector

60 3117 259 3194 nitieundique
272 3120 425 3194 conspicua,
438 3118 598 3174 naturaloci
633 3120 715 3175 δοῖισα
741 3125 862 3192 μέτωπον
885 3120 996 3172 ἕκαστον
1019 3121 1101 3170 εἴκοσι
1123 3119 1169 3168 καὶ

60 3208 221 3273 laetissima,
245 3213 393 3260 castrorum
415 3204 481 3260 facie
500 3207 598 3261 moeni·
634 3207 727 3261 ἱκατδν
745 3208 868 3269 σταδίων,
887 3203 978 3274 totone
990 3199 1168 3275 τετραγώνου·

62 3296 114 3352 bus
126 3292 237 3371 paribus
249 3311 299 3368 per
311 3290 440 3366 quadrum
453 3290 596 3368 disposita;
633 3332 655 3347 ..
666 3333 691 3346 ..
709 3294 779 3364 μετοὶ
799 3296 824 3345 δὲ
843 3299 929 3358 τεῖχος
946 3287 1111 3358 πεντήκοντα
1122 3293 1168 3359 μὲν

60 3401 199 3458 murorum
218 3382 275 3436 eius
293 3380 339 3435 vix
357 3377 494 3434 credibilis
511 3377 596 3433 relatu
632 3386 732 3448 πηχέων
744 3381 884 3446 βασιληίων
897 3376 939 3428 ἐὰν
952 3376 984 3428 τὰ
997 3369 1080 3447 εὖρος,
1099 3370 1168 3443 ὕψος

62 3470 177 3526 firmitas
201 3476 228 3521 et
248 3464 416 3541 magnitudo,
438 3466 455 3519 i.
469 3485 490 3519 c.
510 3463 598 3519 lutitu-
635 3469 661 3519 δὲ
681 3469 817 3535 διηκοσίων
837 3465 944 3530 πηχέων.

133 3627 186 3694 80)
209 3623 311 3681 Eodem
335 3624 422 3700 capite
443 3621 585 3677 falsissima
610 3620 643 3676 de
665 3617 795 3673 Pbraorte
818 3627 846 3672 et
867 3616 971 3672 Deioec
991 3614 1036 3692 (p.
1051 3614 1109 3684 H.)
1135 3632 1168 3670 ex

63 3712 132 3768 male
159 3710 298 3766 intellecto
326 3709 370 3766 vel
397 3729 498 3764 summa
522 3727 581 3765 cum
604 3706 744 3762 oscitantia
767 3702 930 3780 perlustrato
952 3699 1092 3756 Herodoto
1115 3698 1169 3755 sibi

63 3800 178 3856 linxisse
200 3797 309 3854 videtur
327 3795 449 3853 Orosius.
462 3795 507 3863 (1)
544 3792 613 3849 Nota
637 3794 694 3848 eius
713 3788 884 3846 historiarum
902 3783 1169 3844 consarcinandarum

64 3888 182 3951 ratione,
199 3883 277 3940 locos
296 3882 438 3950 Herodoti,
458 3879 528 3935 unde
546 3882 597 3936 ista
618 3877 810 3955 composuerit,
830 3884 1000 3930 annotemus:
1020 3872 1040 3940 1,
1053 3874 1088 3927 96
1100 3873 1167 3935 init..

65 3973 85 4040 1,
100 3975 151 4028 102
165 3980 232 4027 extr.
262 3971 333 4038 (103
351 3969 421 4036 init.)

136 4059 189 4127 81)
211 4059 274 4114 rao
297 4076 337 4130 ap.
357 4052 449 4112 Nostr.
469 4063 547 4112 vetus
565 4050 673 4118 menda,
698 4048 730 4106 ei.
750 4056 805 4113 not.
821 4048 860 4102 13.
880 4044 913 4100 ad
930 4044 956 4101 h.
971 4043 987 4099 1.
1028 4041 1167 4099 Praeterea

65 4150 92 4203 in
111 4144 210 4201 Herod.
230 4144 299 4200 360.
