2640 4764
592 186 634 251 25

58 365 117 430 bat
145 367 179 429 in
207 364 407 448 patriam,⁴⁰)
437 383 529 448 quem
554 365 685 427 ineunte
708 383 792 426 anno
816 365 881 426 416
903 363 1011 428 iniisse
1032 362 1166 442 videtur,

57 479 97 534 ut
120 468 291 555 Augustini
314 478 538 554 exsequeretur
559 478 683 545 votum,
706 489 765 552 per
786 466 988 548 Africam.⁴¹)
1112 549 1115 554 ι

150 573 343 657 Reportavit
370 573 410 636 ab
439 574 639 656 Hieronymo
669 574 802 656 primum
832 570 961 634 brevem
986 571 1165 659 Augustino

60 674 241 761 epistolam,
254 677 295 756 42)
319 698 380 761 qua
403 675 458 740 ille
481 697 516 738 se
532 685 651 738 tantum
668 684 803 750 excusat,
827 673 912 758 quod
928 673 969 738 ad
984 677 1072 739 istius
1088 674 1166 739 duas

59 780 263 856 sibi-missam,
287 777 473 844 duratione
496 782 618 842 animae
643 790 674 842 et
697 777 737 842 de
760 781 850 863 epist.
868 777 975 842 lacob.
998 780 1028 856 2,
1054 782 1112 856 lu,
1123 781 1166 859 ⁴³)

60 883 206 949 nondum
236 885 377 967 potuerit
405 880 614 968 respondere3
645 882 720 946 dein
741 881 856 945 librum
880 881 1020 946 eiusdem
1043 905 1168 946 accura-

59 992 124 1052 tius
146 1008 213 1050 non
236 989 433 1072 insignitum,
458 986 538 1064 „ubi
560 985 600 1050 de
622 989 857 1050 resurrectione
880 988 982 1050 carnis
1004 985 1168 1071 praeclare

61 1091 243 1176 disputasse
266 1088 437 1153 16666466ιι
460 1091 695 1175 (Hieronymus
714 1094 772 1171 sc.)
789 1093 840 1170 ⁴⁴).
885 1089 1007 1154 Relatis
1030 1089 1167 1176 denique

60 1187 185 1282 Pelagii
214 1197 247 1257 iu
269 1192 448 1258 Palaestina
473 1195 582 1273 rebus,
613 1197 694 1258 circa
718 1197 859 1259 autumni
881 1204 1005 1281 tempus
1024 1198 1065 1276 ⁴⁵)
1089 1194 1169 1260 Car-

61 1299 223 1385 thaginem
249 1308 426 1362 convocato
443 1298 591 1378 concilio,
615 1299 752 1364 Orosius
774 1300 904 1364 Herotis
929 1309 961 1363 et
975 1301 1086 1363 Lazari
1108 1309 1169 1363 tra-

59 1401 142 1466 didit
166 1401 326 1487 epistolas.
339 1403 380 1482 46)

150 1507 320 1570 Praeterea
336 1507 473 1572 Orosius
496 1528 598 1592 nuper
619 1516 816 1591 repertarum
838 1506 870 1570 S.
887 1506 1039 1592 Stephani
1060 1516 1169 1592 proto·

59 1612 210 1694 martyris
238 1609 439 1696 reliquiarum
467 1621 573 1696 partes
602 1610 709 1674 intulit
731 1609 915 1688 Occidenti‚
945 1632 1022 1695 quas
1047 1611 1168 1674 civibus

60 1716 127 1777 suis
158 1713 343 1792 destinatas,
366 1714 609 1799 Balchonioque
631 1716 838 1778 Braocareusi
867 1716 1020 1801 episcopo
1043 1715 1170 1779 traden-

63 1817 131 1894 das,
154 1818 266 1881 Avitus
289 1818 459 1904 presbyter
480 1820 604 1882 Nostro
628 1817 768 1897 dederat,
791 1840 853 1882 uua
877 1841 946 1882 cum
968 1818 1169 1904 reliquiarum

60 1924 241 1985 inventoris
263 1923 395 1985 Luciani
423 1921 636 1999 revelatione,
664 1945 756 2007 quam
783 1922 822 1985 ab
846 1925 917 2009 ipso
940 1925 1003 1988 isto
1026 1924 1169 1987 Luciano

62 2025 161 2088 Avito
190 2024 335 2088 dictatam
359 2026 410 2088 hic
434 2047 451 2088 e
473 2047 589 2112 graeco
613 2028 647 2088 in
670 2025 799 2091 latinum
813 2038 961 2091 ¹verterat
983 2048 1170 2106 sermonem,

66 2127 173 2191 addita
204 2128 336 2212 quadam
367 2128 502 2213 epistola
532 2128 572 2192 ad
600 2129 876 2211 Balcbouium.⁴⁷)
928 2131 1071 2215 Quarum
1099 2130 1171 2195 reli-

63 2234 205 2317 quiarum
229 2231 404 2318 paullulum
428 2236 534 2296 amicis
557 2232 763 2315 donasse,⁴⁸)
791 2256 852 2298 uec
873 2234 973 2299 multo
997 2245 1074 2319 post
1095 2257 1171 2299 cou-

134 2494 187 2562 40)
211 2494 342 2562 „Deinde
363 2507 393 2552 ut
414 2499 440 2552 in
460 2496 555 2553 diebus
574 2498 657 2574 ipsis,
680 2497 777 2573 quibus
796 2498 848 2553 iarn
865 2500 925 2576 ipse
944 2497 1042 2566 (Oros.
1061 2495 1113 2566 sc.)
1131 2517 1171 2552 re-

63 2579 151 2635 ditum
172 2581 324 2638 incredibili
347 2583 482 2639 desiderio
504 2583 628 2660 parabat3
653 2583 749 2639 beatus
773 2593 800 2638 et
822 2603 886 2641 vere
908 2594 1030 2650 sanctus,
1056 2602 1172 2639 coronae

62 2665 166 2740 gloriae
184 2675 293 2723 nostrae
310 2671 339 2723 in
358 2669 470 2725 Christo
487 2669 562 2736 Iesu,
585 2672 688 2747 primus
711 2679 812 2744 martyr
831 2668 984 2746 Stephanus
1003 2689 1034 2723 se
1051 2669 1172 2725 revelare

63 2761 92 2807 et
114 2751 284 2809 manifestare
308 2758 392 2830 signis
415 2765 442 2810 et
465 2757 610 2812 virtutibus
634 2755 835 2811 evidentissime
858 2754 1032 2831 sequentibus
1052 2753 1172 2830 dignare-

63 2839 133 2893 tur“
152 2848 202 2895 ete.
221 2842 315 2896 scribit
332 2843 430 2898 Avitus
449 2845 477 2898 in
496 2863 538 2920 ep.
557 2841 628 2897 1.·-
649 2840 691 2898 Cf.
712 2841 795 2898 addit.
807 2845 834 2897 2.

136 2927 189 2993 41)
212 2929 325 2999 „rogavi
349 2947 421 2996 eum,
445 2936 475 2984 ut
498 2929 546 2984 abs
565 2937 593 2982 te
610 2929 735 2996 veniens,
757 2949 807 3008 per
824 2947 875 2983 nos
894 2926 928 2983 ad
946 2929 1056 3004 propria
1074 2947 1172 2989 remen·

64 3012 137 3066 ret.“
174 3011 243 3087 Aug.
261 3012 295 3068 ad
313 3013 421 3070 Hieron.
442 3036 502 3092 epp.
521 3035 566 3071 no.
577 3018 635 3070 166.
655 3013 706 3084 (al.
725 3016 785 3082 28.)

137 3097 189 3167 42)
212 3098 243 3153 ln
267 3119 328 3177 opp.
347 3101 415 3176 Aug.
434 3101 475 3157 ed.
490 3101 591 3156 Bened.
615 3101 733 3157 Tomll.
756 3122 800 3157 no.
812 3104 870 3156 172.
890 3099 940 3169 (61.
953 3101 1014 3170 30.)
1040 3099 1171 3158 colora.

63 3184 97 3240 B.
119 3217 151 3226 -
170 3184 200 3239 Iu
220 3205 282 3262 opp.
301 3184 409 3243 Hieron.
430 3187 471 3244 ed.
484 3187 619 3244 Vallarsii.
642 3187 718 3243 Tom.
730 3186 748 3242 l.
773 3207 817 3244 no.
829 3189 887 3242 134.
912 3185 1109 3243 (16110361).

137 3270 191 3341 43)
213 3270 326 3348 Saepius
345 3273 373 3329 ll.
392 3277 507 3332 66166.
526 3274 577 3344 (61.
595 3273 656 3342 98.)
676 3275 833 3328 6166167.
854 3271 905 3343 (al.
923 3272 983 3340 29.)

138 3355 191 3426 44)
209 3356 331 3426 „Nescio
347 3380 412 3415 sane
424 3380 503 3436 quern
516 3360 615 3416 librum
626 3359 746 3416 eiusdem
758 3359 875 3414 bominis
888 3358 949 3424 Dei,
969 3378 1047 3433 quem
1060 3358 1173 3437 presby·

65 3453 109 3498 ter
128 3442 242 3500 Orosius
265 3444 375 3514 adtulit,
400 3455 515 3521 tuaeque
538 3446 677 3502 dilectioni
696 3444 900 3502 describendum
921 3443 1008 3512 dedit,
1032 3444 1101 3500 ubi“
1121 3455 1171 3501 cte.

65 3530 136 3606 Aug.
155 3550 197 3606 ep.
215 3530 249 3586 ad
267 3531 366 3589 Ocean.
390 3551 433 3588 no.
445 3534 495 3587 186
514 3531 565 3603 (61.
583 3536 662 3602 266.)
682 3553 746 3610 opp.
775 3531 894 3589 Tom.ll.
918 3530 979 3586 Col.
992 3533 1052 3587 635.
1065 3531 1096 3588 Β.

136 3618 189 3686 45)
213 3616 255 3673 Cf.
277 3617 400 3674 Garuerii
419 3619 537 3674 disserti.
556 3617 585 3675 ll.
604 3619 712 3674 alteram
732 3639 758 3673 n.
771 3621 797 3674 4.
821 3640 846 3696 p.
857 3620 893 3675 98
911 3638 971 3693 sqq.

137 3705 190 3771 46)
214 3703 257 3759 Cl.
276 3704 343 3780 Aug.
364 3725 404 3781 ep.
424 3705 457 3760 ad
475 3706 613 3761 Innocent.
629 3726 689 3782 pap.
708 3709 823 3761 66175.
837 3703 888 3774 (al.
901 3705 957 3774 99.)
971 3723 1034 3780 opp.
1053 3702 1129 3761 Tom.
1140 3704 1172 3762 11

67 3787 129 3845 Col.
140 3793 200 3845 617.
213 3789 249 3846 D.
268 3801 295 3845 et
312 3791 410 3846 Boron.
429 3791 463 3847 ad
480 3814 520 3848 an.
540 3795 601 3847 416.
625 3791 701 3847 Τοιιι.
712 3790 769 3847 Vll.
793 3813 818 3868 p.
830 3795 872 3848 73.
895 3789 932 3847 lv
945 3809 1006 3864 sqq.

138 3874 191 3941 47)
216 3874 257 3932 Cf.
276 3880 384 3954 saepius
403 3877 421 3932 l.
439 3898 482 3954 ep.
500 3877 575 3934 Aviti
592 3877 681 3954 presb.
702 3877 736 3933 ad
753 3877 880 3934 Balchon.
899 3898 940 3953 ap.
954 3877 1051 3932 Baron.
1071 3898 1093 3932 6.
1112 3880 1173 3931 415.

66 3960 145 4016 Τοιιι.
155 3959 212 4016 Vll.
231 3982 258 4039 p.
270 3966 311 4018 47.
330 3995 364 4004 -
383 3962 574 4020 verisimiliter
592 3963 662 4019 idem
675 3964 771 4020 Avitus
790 3962 835 4018 bic
849 3973 928 4040 atque
941 3962 997 4032 ille,
1015 3965 1091 4020 euius
1105 3963 1174 4020 Oro·

66 4051 125 4104 sius
144 4050 171 4103 in
191 4047 261 4124 apol.
280 4051 406 4105 meminit.

139 4133 192 4203 48)
216 4133 258 4190 cf.
278 4136 345 4207 Aug.
364 4155 479 4192 sermon.
499 4157 542 4192 no.
556 4139 617 4193 317.
637 4135 687 4204 (al.
705 4136 762 4205 99.)
785 4154 848 4212 opp.
868 4134 909 4191 ed.
927 4135 1029 4194 Bened.
1054 4135 1130 4194 Tom.
1141 4135 1173 4194 V.

67 4219 218 4278 (1611969.
238 4229 266 4276 et
283 4221 382 4278 Baron.
402 4244 422 4279 6.
443 4226 502 4279 416.
526 4221 601 4280 Tom.
612 4221 668 4278 Vll.
688 4244 713 4302 p.
724 4226 767 4280 79.
779 4225 815 4280 89
827 4242 886 4299 sqq.
910 4222 982 4280 XVI.
