2640 4764
639 209 702 276 138

115 387 184 455 [sec.
203 386 284 442 Dion.
305 383 384 440 Cass.
402 382 434 452 L,
454 389 495 440 12.
520 384 683 441 Octavianos
706 383 759 440 boc
781 383 878 454 leont]
904 393 954 441 eto.
992 382 1130 440 Antonius
1153 394 1221 440 terra

113 474 262 528 victus-
286 472 395 547 Ρ43-ζ-.;
389 470 549 527 ·Proelinm
567 471 670 528 navale.
691 469 837 540 [differunt
853 471 966 526 maxime
984 473 1090 527 numeri
1108 472 1221 538 navium,

4 610 7 619 ,
114 560 227 635 copias,
247 577 360 624 caesor,
380 555 500 613 vuluerat
489 567 539 614 t.or
559 557 703 634 aliaque'
681 577 740 612 srne
725 554 798 632 g‚ula
822 557 892 632 quib.
912 559 1005 611 insunt
1024 555 1090 612 alibi
1111 559 1159 612 vix
1177 556 1221 612 ob·

113 646 154 699 via
177 643 277 725 plura,
291 653 321 700 ut
338 665 364 744 Ρ
375 647 466 712 437.,
469 643 578 711 Tertio
597 654 663 723 post
680 663 793 718 pugnam
812 642 886 711 die“‚
916 642 1006 710 ‚Nam
1024 643 1051 698 X
1069 642 1171 719 pedum
1187 642 1222 698 al·

113 729 229 786 titudine
253 752 266 785 a
290 732 356 785 mari
378 685 511 786 ιιίιιειιιιιῐιι
532 732 586 800 (so.
605 730 717 786 Antonii
735 728 880 798 naves)‚‚
883 728 938 797 ‚Ab
959 728 1026 785 lrora
1044 727 1070 786 V
1089 731 1219 806 usquein

112 816 205 872 huram
218 815 290 873 Vll“
301 859 306 871 .
319 859 340 872 ..
359 836 386 893 p.
398 819 457 872 438.
478 817 676 885 „illucescente
694 818 746 871 iam
765 814 808 870 die
826 817 967 871 victoriam
980 813 1082 871 Caesar
1102 835 1220 872 consum-

112 904 193 958 mavit
203 902 236 971 ⁶⁴]
255 903 394 979 bucusque
411 904 596 959 verisimiliter
614 924 629 959 e
646 903 703 959 Liv.
723 900 859 958 CXXXII.

183 990 318 1046 Antonius
341 999 369 1045 et
392 989 537 1067 Cleopatra
559 989 661 1045 liberos
685 998 712 1044 et
734 1008 812 1064 gazae
835 997 937 1065 partem
960 985 993 1042 ad
1015 1008 1089 1044 mare
1114 988 1219 1044 rubrum

112 1075 322 1150 praemittendos
337 1087 455 1133 censent.
476 1075 687 1153 [quodammodo
705 1095 760 1131 non
779 1075 831 1129 uisi
850 1094 891 1150 ap.
904 1072 996 1129 Nostr.
1022 1072 1057 1129 cl.
1072 1072 1144 1130 Plut.
1157 1074 1217 1130 Ant.

112 1163 154 1216 81.
179 1162 261 1217 Dion.
277 1163 354 1219 Cass.
368 1162 416 1227 Ll,
430 1163 467 1231 6]
490 1197 519 1205 -
545 1183 571 1239 p.
584 1165 658 1218 tau:
681 1161 736 1217 Res
758 1163 786 1216 in
804 1160 929 1238 Aegypto
947 1169 1037 1235 gestae
1055 1159 1091 1216 ad
1109 1170 1218 1218 mortem

112 1267 198 1323 usque
215 1249 328 1304 Antonii
346 1259 374 1304 et
392 1248 560 1325 Cleopatrae.
585 1249 649 1319 [ubi
667 1248 732 1304 haec
751 1247 806 1302 lere
825 1246 1031 1303 animadvertas:
1054 1245 1139 1302 Corn.
1159 1245 1217 1301 Gal·

110 1332 154 1388 lus
179 1333 221 1391 IV
243 1334 395 1408 legiones
413 1335 580 1390 Antonianas
604 1357 645 1412 ap.
666 1335 814 1409 Cyrenas
838 1336 964 1411 suscipit3
992 1334 1138 1407 (insignita
1160 1331 1217 1388 aliis

111 1419 229 1490 desunt.)
249 1422 407 1497 victoque
423 1423 581 1489 Antonio,
602 1420 789 1476 Paraetonium
807 1423 880 1497 capit
898 1421 1059 1488 (invertitur
1072 1419 1141 1475 ordo
1154 1419 1215 1482 rer.)

111 1505 277 1582 eundemque
300 1509 418 1563 iterum
440 1506 478 1563 ad
502 1505 640 1563 Pharum
662 1509 747 1563 vincit
769 1505 861 1581 (quod
882 1506 979 1561 omnib.
999 1525 1088 1582 prope
1106 1506 1217 1560 auctori·

109 1590 161 1646 bus
175 1591 280 1662 deest).
304 1594 439 1649 Antonius
459 1596 577 1668 equestri
589 1592 694 1670 proelio
713 1592 857 1649 aCaesare
876 1595 987 1649 vietus
1007 1590 1056 1662 (ef.
1070 1590 1142 1647 Plut.
1155 1591 1215 1647 Ant.

111 1679 152 1732 74.
167 1682 207 1734 76.
229 1688 255 1733 et
272 1678 353 1734 Dion.
368 1678 445 1736 Cass.
463 1679 508 1747 Ll,
523 1680 583 1750 10.)
612 1681 685 1749 (sive
707 1681 843 1735 inversum
865 1678 986 1735 ordinem
1005 1698 1072 1744 ren,
1096 1679 1156 1734 sive
1173 1675 1216 1732 fal-

110 1783 182 1830 sum,
201 1765 260 1819 sive
277 1766 341 1819 novi
360 1765 423 1841 quid
441 1765 487 1823 bic
504 1765 670 1834 babemus.)]
698 1764 867 1836 [‚‚Kaleodis
886 1764 1010 1822 Sextilib.
1029 1765 1117 1840 prima
1135 1762 1214 1819 luee“

110 1859 175 1916 ete,
199 1870 278 1926 quam
300 1854 430 1927 temporis
453 1853 674 1929 significationem
692 1852 726 1910 al.
744 1874 799 1908 uon
817 1855 912 1930 reperi.
932 1885 965 1895 -
988 1851 1033 1906 De
1051 1848 1154 1924 Psyllis
1173 1848 1214 1904 ob

110 1956 202 1992 serves
230 1937 431 1994 similitudinem
457 1940 563 1997 verbor.
587 1960 609 1995 c.
633 1939 708 1996 Suet.
733 1938 795 1995 Oct.
820 1938 878 2006 lt]
921 1936 1086 1994 Octavianus
1117 1935 1214 1992 Caesar

109 2022 272 2079 Alexandria
290 2026 394 2102 potitur
413 2035 462 2082 eto.
484 2059 514 2069 -
539 2047 565 2102 p.
578 2028 751 2083 tau-moe
775 2027 851 2080 iussu
869 2026 927 2079 eius
946 2024 1030 2079 occisi
1048 2023 1162 2079 Antonii
1179 2021 1213 2077 fil.

108 2111 167 2164 mai.
187 2119 214 2164 et
233 2109 291 2178 alii,
311 2120 361 2178 „et
379 2111 414 2184 Q.
429 2110 592 2179 Ovinius,
604 2112 639 2167 ob
657 2133 713 2167 eam
732 2113 844 2166 maxime
863 2111 974 2166 notam“
993 2118 1021 2164 et
1040 2129 1065 2184 q.
1080 2129 1102 2166 s.
1134 2111 1213 2185 [quae

110 2194 217 2270 quidem
245 2196 278 2252 al.
303 2217 346 2252 me
368 2195 457 2272 legere
479 2218 534 2252 nou
557 2200 672 2255 memini.
690 2198 741 2266 -]
784 2196 885 2253 Caesar
907 2196 978 2253 redit
1000 2197 1029 2252 in
1051 2195 1211 2251 Italiam...

108 2280 181 2337 Haec
200 2283 255 2338 lere
273 2301 327 2337 sec.
349 2282 405 2338 ltiv.
425 2282 573 2340 CXXXIII.

178 2368 225 2437 VI,
237 2371 280 2424 20.
299 2389 325 2445 p.
335 2369 532 2439 ι440(-443).
561 2370 701 2427 Octavian.
720 2369 833 2438 Caesar,
857 2390 906 2426 suo
926 2371 1020 2446 quinto
1042 2378 1069 2424 et
1088 2366 1119 2425 L.
1139 2367 1211 2438 (aliis

109 2453 155 2522 S.)
173 2452 283 2531 Apuleii
302 2454 456 2525 consulatu,
475 2466 570 2512 octavo
584 2456 623 2512 ld.
641 2455 710 2525 Ian,
729 2458 830 2535 triplici
848 2455 985 2534 triumpho
1003 2455 1099 2511 urbem
1117 2456 1212 2530 ingres·

107 2560 168 2608 sus;
191 2540 282 2598 Ianum
300 2541 408 2598 claudit.
444 2541 627 2599 verisimiliter
644 2542 732 2599 adbuc
750 2564 803 2600 sec.
822 2541 881 2599 Lir.
901 2541 1051 2598 CXXXIII.

180 2629 310 2699 [Caetera
329 2628 381 2685 hoe
399 2650 455 2706 cap.
475 2639 608 2697 contenta,
627 2628 700 2704 quod
718 2629 752 2685 ad
769 2628 831 2684 data
846 2628 940 2686 saltem
953 2628 1083 2683 historica
1102 2635 1211 2704 spectat,

107 2723 162 2769 tam
184 2718 305 2790 mysticis
324 2715 466 2772 Orosianis
489 2718 630 2771 coniuncta
653 2726 680 2771 et
698 2715 842 2793 depravata
861 2723 938 2782 sunt,
961 2713 1118 2770 utvixdum
1136 2715 1211 2769 iniis

107 2798 213 2856 Livium
237 2801 338 2857 sontem
361 2822 470 2858 cernere
492 2802 537 2858 vel
556 2822 658 2879 ponere
676 2822 815 2858 conemur:
838 2803 862 2856 si
880 2805 996 2856 sortasse
1014 2803 1116 2857 eximas
1134 2798 1210 2854 verba

108 2885 195 2954 „hora
214 2890 322 2945 circiter
339 2890 440 2943 tertia“
458 2909 485 2965 p.
496 2890 569 2954 adu,
589 2887 677 2963 qualia
694 2891 723 2943 in
741 2888 789 2944 Iul.
809 2887 877 2943 Obs.
897 2907 919 2943 c.
941 2889 999 2942 128.
1019 2896 1142 2954 exstant,
1161 2903 1210 2960 quo

106 2972 236 3029 Nostrum
255 2972 362 3049 quidem
379 2994 457 3029 nsum
477 2994 537 3030 csse
555 2973 611 3030 fere
628 2995 768 3050 nusquam,
787 2973 835 3030 sed
854 2994 887 3029 ex
906 2972 999 3029 eodem
1016 2993 1078 3028 oum
1095 2992 1127 3029 eo
1141 2970 1210 3027 fonte

108 3056 221 3128 (Livio)
238 3058 362 3115 hausisse
380 3070 498 3130 constat,
520 3081 601 3137 qunm
619 3061 721 3137 reliqua
741 3082 755 3116 e
774 3060 848 3116 Suet.
869 3060 930 3116 Oct.
949 3061 1116 3135 copones,
1136 3077 1210 3134 qoam

106 3143 213 3201 aliunde
236 3157 341 3224 sumpta
364 3147 513 3203 videantur.
539 3182 569 3192 -
595 3147 723 3215 „Octavo
741 3146 779 3203 Id.
799 3147 890 3203 lau.“:
913 3148 939 3202 si
960 3144 1079 3202 Macrob.
1105 3144 1209 3200 Satura.

105 3232 126 3300 l,
147 3236 188 3288 12.
206 3235 291 3290 maior
308 3233 387 3301 fides,
405 3255 495 3290 mense
513 3233 681 3290 Sextilibus
699 3233 803 3290 lactum.
838 3232 895 3291 Cur
913 3253 978 3290 vero
995 3230 1065 3288 hauc
1083 3232 1210 3309 temporis

106 3317 289 3374 definitionem
307 3317 408 3374 Noster
426 3321 588 3398 prodIderit,
611 3339 674 3376 mox
692 3319 827 3390 videmus,
845 3340 926 3396 quum
944 3318 991 3376 ille
1009 3318 1069 3375 dies
1087 3317 1159 3375 idem
1177 3326 1210 3373 ot·

106 3424 159 3481 que
176 3405 341 3482 Epiphanias
359 3407 407 3461 rit!
427 3436 458 3448 -

175 3513 202 3570 p.
213 3495 287 3548 tals
311 3491 392 3560 „Hoc
411 3491 455 3547 die
473 3493 588 3570 primum
607 3491 745 3567 Augustus
764 3491 946 3548 consalutatus
966 3494 1029 3548 est“
1049 3491 1122 3568 quod
1141 3491 1210 3548 bieu-

105 3579 150 3633 nio
170 3577 276 3634 demum
293 3588 358 3655 post
377 3578 486 3643 lactum,
505 3598 558 3633 seo.
578 3577 734 3648 Censorin,
757 3578 791 3634 de
809 3577 853 3634 die
871 3587 925 3634 uat.
944 3599 967 3634 e.
980 3581 1024 3634 21.
1044 3578 1085 3634 ed.
1099 3578 1208 3634 Havero.

47 3666 50 3672 ’
104 3663 190 3739 Lugd.
202 3664 261 3719 Bet.
282 3666 358 3720 1767.
378 3666 403 3720 8.
427 3687 453 3742 Ρ.
465 3668 523 3719 llr.
547 3664 597 3734 (cl.
618 3675 645 3721 et
662 3674 718 3721 not.
736 3664 929 3739 Lindeubrogii
947 3663 1043 3734 ibid),
1068 3662 1134 3720 XVI
1152 3662 1209 3719 Kal.

104 3749 229 3806 Febr-oar.
265 3748 307 3806 Cf.
326 3752 405 3806 etiam
423 3749 527 3806 Fabric.
546 3750 580 3806 ad
597 3751 623 3808 b.
637 3751 655 3808 l.
674 3760 730 3807 not.
745 3754 786 3807 16.
806 3760 833 3805 et
852 3750 949 3826 Scalig.
969 3750 1099 3807 animadv.
1112 3749 1208 3806 Euseb.

104 3856 130 3913 p.
141 3838 213 3892 166.:
237 3835 334 3913 „qood
352 3835 448 3892 lalsum
466 3846 522 3892 est:
541 3847 568 3892 et
586 3837 638 3894 boc
656 3837 717 3894 loco
735 3837 847 3894 Eusebii
865 3835 993 3914 deceptus
1013 3839 1088 3893 est.“
1108 3870 1141 3881 -

175 3942 201 3998 Ρ.
214 3924 275 3978 lla.
294 3933 362 4000 part.
375 3922 452 3979 inser.
487 3923 626 3999 Nusquam
649 3924 682 3981 al.
704 3945 747 3980 me
770 3925 890 4001 reperire
908 3924 1029 3991 memini,
1052 3923 1208 4000 Augustum,

104 4028 185 4084 quum
204 4008 259 4063 reb.
278 4009 306 4063 in
325 4008 417 4066 Sicilia
436 4011 608 4088 compositis,
632 4011 723 4068 urbem
742 4031 825 4068 ovans
844 4013 973 4066 intrasset
994 4008 1044 4081 (cl.
1064 4009 1111 4078 Vl,
1132 4011 1167 4066 18
1183 4011 1208 4064 iu

103 4094 162 4163 liu.)
181 4095 319 4151 censuisse
338 4097 446 4162 „omnia
465 4098 604 4173 superiora
623 4097 718 4176 populi
729 4097 842 4154 Romani
861 4096 951 4153 debita
969 4095 1103 4164 donanda,
1123 4095 1208 4152 litera·

103 4201 161 4238 rum
179 4183 258 4237 etiam
277 4184 456 4238 monumentis
474 4183 621 4250 abolitis“;
645 4182 731 4260 qualia
750 4186 778 4238 in
796 4183 898 4240 Nostro
917 4183 962 4240 hie
980 4184 1120 4253 exstant}

175 4265 220 4335 Vl,
232 4271 274 4324 21.
295 4271 488 4346 peto—1147.
521 4269 642 4340 [Partem
666 4269 795 4327 duntaxat
816 4291 903 4328 rernm
922 4272 950 4328 in
967 4270 1020 4327 boc
1038 4268 1135 4330 Nostri
1153 4291 1206 4348 cap.
