2640 4764
583 187 643 253 121

57 368 104 420 21.
124 396 157 408 -
184 362 348 419 Flamininus
370 380 498 438 procons.
522 360 598 432 (Lis.
616 361 735 431 XXXII,
751 363 813 431 28.)
835 361 991 440 Philippum
1012 380 1101 438 regem
1122 381 1166 420 so·

59 453 176 526 eiusque
194 451 250 505 eius
271 447 321 519 (ad
334 447 519 526 Cynosceph.)
537 446 610 503 bello
627 459 744 526 superat.
764 469 779 504 e
796 447 855 504 Liv.
872 448 997 518 XXXIII,
1009 453 1034 505 4.
1048 450 1080 521 (7
1093 449 1166 526 sqq.)

60 541 108 591 10.
135 535 263 610 [Polyb.
282 533 419 591 ValAnt.
443 543 470 590 et
492 533 622 591 Claudius
645 535 787 590 laudantur
810 556 824 591 e
847 535 969 604 Livio]
993 564 1028 575 -
1052 539 1166 613 Ρ.271.ι

61 621 169 698 Sempr.
188 620 338 677 Tuditanus
357 623 384 676 in
401 620 478 697 Hisp.
498 623 543 676 cit.
563 640 718 699 oppressus.
743 641 797 678 sec.
815 620 875 677 Lis.
893 619 1020 688 XXXIII,
1037 623 1073 674 25
1089 623 1167 697 impr.

59 739 94 750 -
116 707 234 764 Marcell.
253 727 328 763 cons.
348 729 363 763 a
379 707 456 763 Boiis
475 727 622 784 oppressus
642 706 715 777 (Liv.
732 706 750 763 l.
764 708 781 764 I.
800 709 878 775 36),
901 728 969 783 qnos
988 706 1099 775 Furius,
1121 705 1167 762 alt.

60 814 147 863 cous,
166 794 201 850 ad
218 796 427 850 internecionem
441 793 515 849 delet
532 792 637 861 (Liml.
651 793 746 863 1.37.).
761 824 795 834 —
813 793 844 850 L.
851 792 910 850 Val.
921 792 1026 859 Flacco,
1045 791 1079 848 III.
1089 791 1167 848 Porc.

60 880 168 937 Catone
192 900 261 936 coss.
284 879 434 936 Antiochus
452 883 481 935 in
498 880 633 958 Europam
651 882 754 937 transit.
779 901 833 936 aec.
850 879 910 936 Liv.
927 879 945 936 l.
963 879 982 935 I.
1001 879 1167 949 (42-)44.

59 966 181 1023 Annibal
201 967 303 1022 Romae
325 966 396 1021 tradi
419 969 509 1039 iussus
532 967 567 1023 ad
589 965 752 1023 Antiochum
774 969 870 1044 pergit.
895 986 949 1022 sec.
967 964 1024 1022 Liv.
1044 964 1061 1021 l.
1078 963 1096 1021 l.
1115 967 1168 1032 47.,

61 1074 143 1130 quem
165 1056 193 1108 in
216 1051 316 1108 bellum
337 1051 460 1130 impellit.
488 1073 541 1110 sec.
561 1052 639 1109 eund.
657 1052 676 1108 l.
692 1053 710 1109 I.
729 1055 771 1108 49.
792 1086 824 1097 -
846 1051 905 1109 Lex
923 1052 1013 1130 Oppia
1033 1051 1169 1128 abrogata.

61 1161 77 1195 o
96 1138 156 1195 Liv.
174 1137 303 1206 XXXIV,
323 1141 413 1195 lete.
433 1159 454 1195 c.
474 1142 559 1217 ipsius
577 1141 676 1197 verbis.

79 1222 110 1282 P.
124 1225 197 1302 Scip.
210 1224 292 1280 Afric.
306 1224 339 1292 II,
357 1223 419 1281 Tib.
432 1225 536 1304 Sempr.
548 1225 642 1301 Longo
659 1246 730 1282 coss.
1114 1226 1158 1280 43.

78 1311 109 1368 X
125 1311 198 1367 milia
216 1310 317 1367 Gallor.
336 1310 370 1366 ad
388 1310 567 1369 Mediolanum
586 1333 671 1378 caesa,
806 1331 860 1368 sec.
877 1309 938 1366 Lis.
954 1308 1072 1366 XXXIV
1114 1312 1159 1366 46.

81 1397 127 1454 alt.
140 1398 245 1474 proelio
262 1397 301 1452 XI
314 1397 495 1465 mihGallor,
513 1398 603 1455 Vmil.
616 1398 760 1466 Romanor.
1115 1400 1158 1451 47.

63 1482 172 1553 [Verba
195 1483 250 1540 fere
272 1483 351 1561 plane
374 1504 491 1540 consona
515 1507 556 1562 ap.
575 1486 739 1559 utrumque]
764 1515 796 1524 -
820 1504 847 1560 p.
860 1486 935 1538 utu:
958 1481 988 1539 P.
1002 1481 1110 1553 (Sext.)
1122 1482 1170 1538 Di·

62 1571 145 1646 gitius
163 1579 272 1647 praetor
289 1569 383 1626 infelix
400 1573 428 1625 in
446 1570 522 1648 Hisp.
542 1573 586 1628 cit.
605 1591 620 1624 e
638 1569 697 1626 Liv.
716 1567 832 1637 XXXV,
852 1572 875 1624 l.

79 1656 116 1713 lli.
129 1656 206 1712 Fulv.
225 1667 335 1735 praetor
352 1656 429 1727 (Liv.
447 1657 575 1727 XXXIV,
593 1659 648 1726 35.)
669 1654 822 1712 Celtiberos
840 1647 950 1733 superat
968 1665 1018 1713 etc.

805 1741 896 1800 eLiv.
915 1741 1030 1810 XXXV,
1058 1745 1082 1797 7.
1102 1750 1168 1797 extr.

79 1827 216 1886 Minucius
233 1828 378 1906 abigurib.
398 1831 425 1886 in
439 1840 506 1886 extr.
520 1829 631 1908 pericul.
644 1829 785 1898 adductus,

115 1915 245 1972 liberatus
805 1945 816 1957 ·
863 1946 873 1958 ·
964 1946 975 1958 ·
1039 1916 1079 1969 ll.

79 2000 154 2080 Scip.
173 2002 230 2059 Afr.
248 2023 271 2060 c.
289 2002 348 2058 aliis
367 2002 400 2058 ad
418 2001 581 2059 Antiochum
599 2004 698 2060 missus
717 2011 768 2058 etc.
806 2034 818 2045 ·
864 2033 874 2045 -
965 2032 976 2045 ·
1040 2003 1080 2057 14.
1102 1999 1168 2070 (sec-

116 2089 342 2158 Claudium.)17.
454 2144 457 2150 ,

80 2172 230 2231 Flaminino
244 2175 393 2251 Fulvioque
408 2175 553 2253 praetorib.
570 2174 773 2254 inHisp.bella
809 2206 819 2218 -
865 2206 876 2218 ·
967 2205 977 2217 ·
1038 2176 1080 2229 22.
1101 2181 1169 2250 part.

117 2261 194 2319 infer.
217 2263 290 2331 [non
308 2264 497 2332 exactissime]

81 2347 111 2405 P.
126 2348 208 2405 Corn.
222 2348 309 2425 Scip.,
328 2347 370 2404 Μ’.
383 2348 472 2405 Acilio
487 2348 634 2406 Glabrione
653 2369 722 2406 coss.
1049 2351 1075 2403 2.
1240 2378 1245 2382 «

80 2435 231 2491 Antiochus
250 2444 405 2511 superatum
773 2433 859 2492 eltis.
873 2434 991 2492 XXXVI
1034 2435 1170 2491 15-19.

80 2521 220 2598 Ephesum
236 2523 401 2576 transmittit.
639 2573 640 2576 ,
1032 2524 1076 2577 21.

65 2607 140 2686 Scip.
161 2629 236 2665 cons.
255 2629 277 2662 c.
296 2607 372 2662 Boiis
390 2607 506 2664 feliciter
524 2608 651 2684 confligit.
671 2629 704 2664 err
722 2607 782 2664 eod.
800 2607 818 2663 l.
831 2607 849 2662 l.
867 2610 910 2664 38.
933 2607 1032 2677 [Oros.
1052 2606 1097 2661 hic
1115 2625 1171 2661 cae·

63 2715 120 2751 sor.
139 2715 210 2750 num.
228 2693 362 2749 modicum
381 2714 396 2748 e
414 2692 516 2750 Valerii
533 2694 676 2750 immodico
695 2694 876 2750 conformasse
893 2694 972 2749 nobis
990 2693 1118 2761 videtur]

135 2802 161 2858 p.
175 2782 248 2850 27}.:
268 2779 419 2835 Antiochus
431 2782 518 2836 victus
588 2801 641 2838 sec.
655 2780 715 2836 Liv.
734 2779 869 2849 (XXXVI
881 2783 907 2836 iu
920 2779 975 2836 fine
992 2790 1020 2836 et
1032 2778 1170 2848 XXXVII,

65 2866 126 2937 lt)
143 2865 285 2934 XXXVII,
302 2867 425 2922 39-44.
438 2870 482 2922 45.
495 2870 529 2922 34
543 2878 570 2922 et
581 2870 624 2923 37.
654 2866 725 2935 [Ubi
744 2866 971 2942 negligentissime
988 2875 1110 2923 versatus
1130 2874 1172 2921 est

65 2952 168 3010 Noster
185 2955 213 3008 in
232 2952 286 3008 reb.
306 2962 334 3007 et
351 2952 455 3008 verbis:
480 2952 634 3029 Scipionem
651 2953 752 3011 Afric.
770 2953 870 3010 bellom
888 2957 1019 3030 gessisse,
1038 2955 1120 3029 inque
1137 2973 1171 3009 eo

66 3060 89 3096 c.
102 3038 236 3095 Annibale
254 3038 340 3095 navali
357 3038 463 3116 proelio
482 3039 636 3095 conflixisse
655 3039 756 3109 dicens,
776 3043 915 3117 omniaque
932 3040 1001 3096 male
1017 3040 1170 3115 inungens]

65 3159 100 3171 -·
120 3125 217 3183 Aemil.
235 3146 362 3204 procons.
385 3127 413 3181 in
432 3125 507 3202 Hisp.
526 3125 574 3181 ult.
593 3126 694 3182 infelix.
717 3147 772 3182 sec.
792 3126 847 3183 Liv.
865 3126 1009 3193 XXXVII,
1027 3131 1069 3182 46.
1095 3127 1172 3195 [sive

66 3213 241 3290 negligenter,
260 3216 318 3268 sive
336 3233 370 3268 ex
388 3212 499 3267 arbitrio
518 3233 562 3268 res
580 3230 688 3288 angens,
707 3233 728 3268 c.
744 3215 863 3269 exercitu
880 3213 1017 3268 interiisse
1028 3211 1172 3268 Aemilium

66 3301 164 3356 scribit
176 3298 297 3370 Noster]
318 3333 351 3343 —
369 3298 400 3355 L.
414 3299 531 3355 Baebius
549 3320 571 3355 c.
585 3302 705 3356 exercitu
723 3298 868 3375 aLigurib.
887 3301 992 3356 occisus
1012 3309 1062 3356 etc.
1082 3298 1172 3355 eLiv.

65 3385 212 3454 XXXVII,
231 3390 273 3442 57.
299 3386 397 3455 [verba
415 3387 586 3460 recognoscis
604 3388 690 3463 ipsa].
712 3421 742 3432 -
767 3386 855 3443 Fulvii
878 3385 947 3457 (Cu.
963 3385 1072 3456 hIanlii)
1096 3406 1171 3463 cons.

67 3494 89 3530 c.
110 3473 294 3548 Gallograecis
317 3472 351 3528 ad
369 3472 516 3550 Olympum
536 3472 674 3549 proelium.
700 3493 753 3529 sec.
772 3472 831 3528 Liv.
850 3471 1005 3539 XXXVIII,
1025 3476 1059 3527 12
1071 3490 1171 3546 sqq.-

65 3564 100 3616 27
113 3561 191 3636 impr.
210 3563 333 3616 20-23.
353 3558 541 3628 [Perlustrans
560 3568 661 3614 tantum
675 3557 780 3615 Livium
799 3578 885 3625 sunm,
904 3555 1034 3624 Fulvium,
1053 3559 1129 3612 cuius
1147 3578 1171 3615 c.

48 3658 49 3663 ’
67 3645 174 3702 Aetolis
187 3645 286 3702 bellum
307 3644 475 3714 (XXXVIII,
489 3647 605 3715 1-12.)
624 3655 754 3713 narratur,
774 3665 824 3721 pro
837 3644 921 3700 altero
935 3663 1018 3711 cons,
1038 3643 1087 3698 Cn.
1100 3642 1173 3699 llan-

66 3731 114 3802 lio,
137 3735 230 3810 posuit
247 3741 347 3788 auctor.
379 3729 457 3787 Num.
478 3751 588 3799 caesor,
608 3730 751 3788 Claudium
769 3740 887 3798 secutus,
905 3732 1046 3786 inanimum
1065 3729 1171 3800 edidit]

67 3850 100 3860 -
119 3817 236 3875 lllarcins
255 3838 328 3874 cons.
348 3839 361 3874 a
380 3816 499 3892 Ligurib.
518 3827 669 3896 superatus.
693 3817 785 3874 eLiv.
798 3816 925 3884 XXXIX,
939 3821 982 3873 20.
1006 3817 1110 3895 [neque
1128 3820 1173 3875 hic

66 3915 191 3963 accurate
209 3907 286 3974 „nisi
306 3938 337 3948 —
357 3904 499 3978 refugisset
516 3906 543 3959 in
563 3905 693 3973 castra“.]

139 4013 165 4070 p.
178 3996 255 4062 ute:
279 3990 313 4047 id.
329 3990 371 4047 CI.
384 3990 524 4059 Marcello,
544 3991 577 4065 Q.
592 3990 655 4046 Fah.
669 3990 794 4047 Labeone
814 4010 884 4047 cose.
903 3990 1045 4068 Philippos
1064 4013 1113 4049 rex
1131 4013 1173 4049 ve-

45 4132 47 4136 .
67 4079 139 4134 niam
162 4079 216 4134 sibi
235 4076 404 4148 concilicet)
424 4099 472 4155 per
489 4077 658 4134 Demetrium
675 4076 773 4145 filium,
792 4096 845 4133 sec.
864 4077 922 4134 Liv.
942 4078 1074 4146 XXXIX,
1092 4082 1126 4133 47
1147 4088 1174 4135 et

67 4166 111 4222 48.
132 4166 184 4233 (34
197 4175 225 4220 et
236 4163 314 4233 351)
335 4183 412 4239 quem
430 4174 495 4242 post
512 4183 615 4220 oreneno
635 4173 712 4220 necat
729 4183 782 4219 sec.
797 4161 859 4220 Liv.
870 4162 929 4232 XL,
943 4168 1039 4220 5-16
1052 4174 1079 4220 ct
1092 4166 1155 4221 u.

138 4250 171 4320 f)
190 4248 251 4307 Non
269 4260 382 4329 propter
399 4249 502 4326 legatos
520 4251 549 4309 P.
564 4250 677 4308 Romani
695 4249 860 4318 interfectos,
881 4260 910 4307 ut
926 4249 995 4307 falso
1014 4271 1056 4328 ap.
1071 4247 1174 4318 Nocte,
