2640 4764
630 225 693 291 115

96 407 126 454 et
145 396 263 474 Eutrop.
283 397 316 462 ΙΙ,
336 396 396 466 13.)
422 396 507 466 [ordo
526 418 577 456 rer.
597 419 619 454 e.
637 399 733 476 Polyb.
754 401 861 477 quidem
881 405 1047 479 congruit,
1067 414 1093 461 at
1111 426 1133 462 c.
1151 404 1210 467 Liv.

96 504 153 541 non
180 485 339 559 congruisse
361 483 483 551 vitietur,
507 483 554 540 sed
580 485 703 561 equidem
725 490 817 564 potius
836 491 971 566 epitomen
989 511 1080 547 errare
1096 492 1210 563 credam,

97 591 179 647 quam
200 569 343 644 Polybium
361 580 388 626 et
402 568 539 637 Nostrum,
559 573 606 646 qui
624 571 721 648 Reguli
738 574 772 630 ad
790 585 911 631 senatum
928 578 1084 633 missionem
1097 577 1210 637 Caecilii

96 658 231 713 victoriae
248 665 423 733 postponunt,
442 658 469 713 in
488 657 564 712 cuius
583 656 701 714 favorem
720 659 776 716 lere
794 663 889 717 omnia.
903 663 949 730 ⁹¹)
968 695 998 706 —
1019 684 1090 720 num.
1109 667 1208 743 capiar.

96 741 264 801 Asdrubalis
287 743 403 799 Orosius
426 741 502 798 solus
525 762 681 801 reservasse
704 746 817 803 videtur.
846 746 880 803 de
904 745 1054 826 elephantis
1077 753 1158 806 occis.
1181 760 1210 808 et

97 830 187 908 ceptis
207 828 336 885 differunt
351 828 502 908 paullisper
519 832 664 900 auctores]
702 830 808 888 Passim
825 832 908 891 verba
926 837 1102 892 consonantia
1120 857 1143 894 e.
1157 836 1209 894 Eu·

97 925 143 972 tro
164 959 171 971 .
191 913 219 970 ll.
239 912 268 970 ll.

143 936 220 1068 PIV,
235 1004 276 1056 10.
295 1020 322 1076 p.
331 1003 501 1057 ael-area
525 1001 622 1078 Reguli
644 1001 678 1058 ad
697 1003 725 1060 S.
739 1003 768 1060 P.
782 1002 817 1077 Q.
830 1002 861 1060 R.
881 1002 979 1080 legatio
997 1009 1152 1083 reversique
1169 1010 1208 1065 in·

97 1089 206 1144 teritus.
232 1088 389 1156 [notissima
412 1088 549 1163 quaeque]
577 1109 631 1145 see.
655 1088 714 1145 Liv.
734 1088 849 1146 xviiia
879 1091 931 1159 [de
953 1092 1089 1169 supplicio
1111 1093 1208 1170 Reguli

96 1173 181 1230 rerba
205 1172 289 1228 babos
313 1172 370 1229 cic.
393 1175 421 1228 in
444 1171 534 1228 Pison.
554 1174 627 1230 XIX.
647 1176 672 1246 §.
686 1176 742 1246 43.)
778 1197 804 1253 p.
815 1178 888 1246 ille
912 1177 977 1234 Atii.
996 1176 1116 1252 Regulus
1134 1178 1159 1234 ll
1181 1186 1208 1234 et

97 1258 180 1316 blanl.
199 1257 286 1315 Vulso
305 1257 328 1314 11
347 1278 417 1315 coss.
435 1259 594 1334 Lilybaeum
611 1259 735 1337 proiecti,
755 1262 902 1336 confligunt
920 1284 942 1320 c.
954 1262 1087 1319 Annibale
1106 1273 1134 1321 et
1151 1266 1207 1323 vin·

98 1355 205 1403 cuntur.
224 1364 277 1402 sec.
291 1342 348 1400 Liv.
362 1345 453 1401 xixa
481 1346 533 1415 [el.
552 1345 646 1422 Polyb.
665 1347 686 1416 Ι,
699 1351 734 1402 41
746 1369 806 1424 sqq.
825 1349 929 1425 singula
947 1348 1003 1405 lere
1021 1353 1206 1418 consentiunt3

98 1441 125 1487 at
143 1433 172 1486 in
191 1450 278 1507 pugna
296 1429 343 1486 illa
361 1451 384 1487 c.
403 1431 537 1488 Annibale
555 1431 667 1509 (Polyb.
681 1433 701 1502 l,
714 1435 770 1503 45.)
794 1444 840 1490 aut
857 1437 1061 1492 conversionem
1078 1435 1206 1492 babemus

97 1517 207 1574 efonte
225 1516 329 1584 Nostri,-
347 1520 498 1574 autminus
516 1529 667 1575 accuratum
686 1540 841 1575 censeamus
856 1520 985 1576 Orosium
1003 1531 1119 1598 oportet.
1149 1520 1205 1577 Res

96 1623 163 1661 vero
187 1603 221 1659 ad
242 1602 399 1678 Lilybaeum
421 1624 472 1682 per
494 1604 602 1680 longum
624 1605 712 1662 adbuc
734 1608 864 1682 temporis
888 1607 1003 1683 spatium
1024 1614 1113 1682 gestas
1136 1626 1204 1677 esse,

97 1691 178 1745 etiam
201 1709 244 1765 ap.
262 1688 354 1744 Nostr.
374 1709 388 1744 e
409 1692 559 1765 sequentib.
577 1693 674 1768 patet]
697 1725 733 1734 —
756 1691 886 1748 Claudius
905 1710 977 1747 cous.
998 1691 1031 1748 ad
1050 1693 1206 1770 Drepanum

96 1777 196 1832 vietus.
216 1788 269 1830 sec.
283 1773 339 1830 Liv.
357 1774 432 1830 XIX.
455 1776 505 1846 (ci.
524 1776 620 1852 Polyb.
638 1777 659 1845 Ι,
671 1780 707 1833 49
719 1772 778 1853 sqq.
798 1788 825 1834 et
840 1778 953 1855 Eutrop.
971 1776 1005 1844 11,
1019 1780 1078 1847 15.)
1107 1778 1205 1848 [Clan-

96 1862 171 1919 alimn
188 1859 347 1936 Lilybaeum
369 1861 534 1938 conlegisse,
559 1874 587 1919 et
608 1884 708 1920 caesor.
732 1873 760 1920 et
781 1875 884 1941 captor.
903 1882 1030 1919 numeros
1051 1863 1085 1920 al.
1102 1867 1147 1920 vix
1164 1884 1205 1920 re-

95 1950 194 2026 peries.
220 1946 271 2017 (de
283 1949 390 2003 navium
402 1968 472 2005 num.
486 1950 669 2020 dissensus.)]
689 1983 723 1994 -
748 1950 780 2006 C.
794 1949 856 2020 (L.)
869 1950 938 2006 lunii
956 1949 1051 2005 classis
1068 1949 1205 2024 naufragio

96 2037 203 2091 amissa.
230 2032 280 2104 (ci.
302 2033 397 2108 Polyb.
416 2034 436 2102 Ι,
454 2039 490 2091 bl
507 2039 584 2113 impr.
612 2037 724 2114 Eutrop.
743 2036 780 2105 ΙΙ,
798 2036 856 2106 lb.)
875 2064 912 2076 -·
927 2056 986 2111 seq.
1010 2055 1079 2091 auno
1104 2035 1203 2092 Punica

95 2121 193 2177 classis
212 2119 304 2175 ltaliae
322 2139 383 2174 oras
401 2130 496 2177 vastat.
517 2121 628 2197 (Polyb.
647 2122 781 2190 1,56;3,)
801 2152 833 2162 -
857 2144 884 2200 p.
894 2124 968 2192 243³
987 2120 1075 2178 Lutat.
1091 2142 1164 2178 cons.
1179 2141 1204 2179 e.

96 2226 165 2263 nova
185 2204 272 2262 classe
289 2207 317 2260 in
336 2205 455 2262 Siciliam
473 2218 577 2275 vectus,
596 2199 631 2264 ad
648 2208 764 2285 Aegates
783 2207 885 2264 insulas
896 2209 1043 2272 {Annonem
1059 2209 1152 2276 vincit,
1170 2204 1205 2262 ad

95 2293 240 2368 Erycinam
262 2312 285 2347 c.
305 2290 546 2368 Carthaginiensib.
567 2293 682 2350 feliciter
703 2295 829 2370 confligit.
857 2294 908 2364 (ci.
928 2293 1022 2370 Polyb.
1041 2293 1067 2362 Ι,
1085 2296 1121 2349 59
1142 2312 1203 2369 aqq.

95 2379 209 2457 Eutrop.
222 2378 256 2445 Il,
271 2379 324 2445 16.)
356 2378 453 2435 Omnia
472 2400 524 2435 sec.
538 2379 595 2436 Liv.
616 2381 689 2436 XIX.
705 2380 810 2450 [Aliam
828 2383 887 2437 sine
906 2380 988 2437 dubio
1006 2380 1134 2436 habemus
1146 2399 1205 2434 nar·

96 2469 227 2523 rationem
246 2474 326 2538 atque
343 2467 370 2520 in
384 2464 507 2540 Polybio,
527 2466 576 2522 sed
592 2467 625 2522 ab
636 2466 769 2544 Eutropio
782 2470 882 2544 passim
894 2467 1105 2544 suppeditatum
1124 2485 1205 2541 quum

95 2551 179 2609 altera
203 2549 237 2605 ad
255 2551 411 2629 Drepanum
433 2552 473 2608 illi
497 2552 531 2608 ad
549 2553 663 2627 Aegates
683 2572 787 2629 pugnae
805 2555 954 2630 praeivisse
971 2551 1105 2620 videatur,
1126 2553 1204 2608 cuius

94 2641 122 2695 in
139 2636 258 2712 Polybio
276 2640 377 2693 mentio
396 2636 477 2693 nulla.
511 2638 541 2693 ln
560 2641 678 2694 numeris
690 2637 791 2693 Noster
809 2638 864 2693 lere
883 2639 947 2693 lacit
965 2658 987 2692 c.
1000 2638 1120 2713 Eutropa·
1144 2637 1205 2692 Pu·

93 2742 155 2800 gna
174 2742 240 2778 vero
258 2723 297 2778 ad
315 2724 491 2800 Erycinam
510 2745 573 2781 uon
591 2726 658 2780 nisi
677 2727 709 2781 in
729 2724 852 2779 Orosie
870 2722 1020 2797 legitur]

165 2807 270 2877 lv,11.
287 2830 315 2886 p.
325 2813 483 2867 uas—245.
519 2832 545 2888 p.
555 2813 630 2880 illa
653 2810 889 2885 Carthaginienses
905 2827 999 2886 pacem
1017 2817 1120 2883 rogant,
1142 2826 1205 2862 con·

94 2893 221 2952 ditionib.
238 2898 414 2973 praescriptis
435 2898 577 2975 accipiunt.
602 2917 656 2952 sec.
674 2896 731 2952 Liv.
750 2895 823 2951 xlx.
846 2895 896 2963 (cl.
916 2893 1010 2969 Polyb.
1028 2893 1049 2962 Ι,
1062 2897 1097 2949 62
1109 2903 1137 2948 et
1148 2892 1205 2961 63.)

95 2981 143 3051 [ln
161 2979 265 3036 Nostro
289 2984 409 3057 priorum
431 2993 458 3038 et
476 2994 570 3060 postea
590 2993 769 3039 correctarum
788 2981 972 3037 conditionum
990 2981 1206 3036 coniunctionem

94 3067 228 3144 quandam
245 3067 345 3123 habere
361 3067 496 3126 videmur:
514 3072 580 3125 tria
593 3068 647 3124 mil.
660 3067 752 3124 taient.
766 3069 867 3143 argenti
880 3067 938 3121 XX
950 3068 1027 3121 anuis
1040 3064 1204 3143 pendenda]

94 3186 127 3200 -
145 3175 175 3232 p.
185 3156 259 3209 aare
279 3154 312 3228 Q
326 3153 444 3222 Lutatio,
463 3154 496 3210 A.
509 3155 608 3211 Manlio
621 3173 692 3210 coss.
706 3156 817 3210 maxima
830 3151 939 3208 Tiberis
951 3150 1100 3219 inundatio,
1120 3147 1206 3225 [quod

93 3243 192 3297 attinet
215 3249 326 3317 tempor.
350 3250 499 3297 accuratam
524 3240 686 3308 definitiou.‚
708 3240 760 3296 hoe
784 3239 816 3293 ab
836 3237 916 3293 Oros.
936 3236 997 3293 solo
1016 3236 1204 3305 reservatum]

93 3346 219 3402 magnum
237 3327 312 3382 urbis
331 3329 405 3382 etin
424 3349 454 3383 ea
466 3326 568 3384 Vestae
586 3326 679 3404 templi
698 3325 858 3382 incendium.
883 3343 936 3379 sec.
949 3322 1006 3378 Lir.
1019 3323 1093 3378 XIX.
1114 3322 1205 3396 [Quas

93 3434 137 3470 res
157 3413 225 3488 Aug.
245 3413 280 3469 de
298 3415 348 3470 civ.
368 3415 421 3470 Dei
439 3412 483 3481 ΙΙΙ,
499 3416 539 3470 18.
558 3434 585 3490 p.
595 3416 637 3469 90.
657 3411 728 3468 hunc
748 3413 777 3466 in
797 3409 906 3465 morium
924 3410 1152 3475 commemoravit,
1176 3417 1206 3463 ut

92 3499 224 3556 Nostrum
248 3520 295 3556 sua
320 3499 383 3555 inde
406 3498 602 3574 quodammodo
625 3499 738 3554 finxisse
761 3497 927 3574 opinemur]
952 3526 984 3538 -
1011 3492 1042 3548 T.
1063 3492 1204 3568 Sempron.

93 3585 233 3655 Graccho,
262 3585 290 3641 P.
306 3584 394 3642 Valer.
413 3584 526 3641 l'altone
551 3604 622 3640 coss.
645 3605 667 3640 c.
691 3582 806 3638 Faliscis
828 3580 895 3637 belli
918 3579 1078 3635 brevissima
1101 3576 1204 3632 relatio.

93 3692 149 3728 sec.
168 3671 226 3728 Liv.
245 3670 318 3728 XlX.
340 3672 392 3740 [Et
410 3681 502 3727 contra
517 3671 628 3748 Eutrop.
647 3669 681 3737 ll,
697 3672 729 3724 16
741 3670 768 3724 in
780 3668 843 3735 fine,
862 3677 890 3722 et
907 3675 1000 3722 eontra
1018 3663 1078 3719 last.
1097 3661 1204 3740 capitol.

92 3757 127 3814 ari
144 3778 206 3815 ann.
227 3762 289 3827 512,
307 3757 373 3825 illis,
391 3778 479 3834 neque
496 3756 585 3814 Lutat.
605 3754 728 3812 Cercone
746 3762 774 3809 et
790 3753 823 3809 A.
841 3751 922 3808 lilani.
941 3770 1012 3806 coss.
1031 3758 1135 3824 gestum
1153 3748 1205 3804 hoc

163 3984 217 4056 91)
239 3983 382 4041 Praeterea
399 3985 466 4041 haec
483 3968 577 4041 a'viro
596 3982 635 4042 ill.
655 3983 780 4059 Zumptio
798 3982 826 4037 in
845 3977 975 4046 annalib,
993 3997 1063 4034 auno
1081 3977 1207 4052 sequenti

92 4070 231 4128 abletello
251 4091 392 4149 procons.
410 4081 485 4146 gesta
504 4069 664 4126 referuntur.
693 4067 730 4122 At
748 4067 801 4122 hoc
820 4064 941 4140 ePolyb.
959 4063 981 4131 Ι,
994 4067 1029 4119 40
1042 4073 1068 4118 et
1080 4064 1122 4117 41.
1142 4060 1207 4116 mihi

92 4157 202 4234 quidem
220 4177 277 4213 nou
290 4158 327 4213 ita
342 4165 417 4212 certo
430 4156 561 4213 resultare
573 4155 704 4213 videatur.
715 4184 751 4203 .-
771 4151 802 4209 si
821 4171 881 4207 cum
892 4150 1004 4227 Eutrop.
1018 4158 1047 4205 et
1057 4147 1159 4205 0rosio
1172 4145 1208 4201 fa·

92 4245 187 4314 cimus,
207 4245 288 4300 etiam
300 4241 432 4317 Regulum
450 4263 521 4300 anuo
534 4244 612 4322 prius
624 4240 737 4299 Romam
747 4239 861 4299 missum
871 4256 1003 4316 ponamus
1016 4253 1129 4293 neeesse
1140 4240 1191 4287 est.

946 4325 1005 4390 8*
