2640 4764
596 181 640 245 35

60 354 198 416 caeteris
219 372 289 416 non
311 352 434 432 viderit,
456 353 509 419 vel
532 355 619 441 quod
641 378 755 421 nexum
779 357 956 423 observarit
971 359 1169 428 deficientem

60 490 103 507 -
126 477 202 521 uam
225 455 445 522 huiuscemodi
468 458 544 545 quid
566 463 694 524 minime
715 461 900 546 impedisset
923 485 1003 541 eum,
1025 486 1086 530 nec
1102 467 1170 532 fore

10 554 19 561 ’
61 571 109 627 est
123 563 240 626 Nostri
263 598 304 611 —
329 560 382 624 rel
404 563 493 647 quod
514 585 574 648 pro
592 562 844 629 Christianorum
867 588 961 630 causa
984 579 1093 633 contra
1116 592 1171 655 pa-

60 687 165 754 ganos
188 663 252 728 illis
274 667 321 728 uti
344 669 533 750 nequiverit:
556 665 613 730 sed
635 670 742 751 potius
766 668 853 754 quod
871 669 1023 736 adversus
1039 672 1169 738 eosdem

60 771 186 854 scripsit
207 789 365 854 paganos,
394 769 635 857 redarguendos
658 792 725 835 non
748 782 811 836 tam
833 773 987 853 historiis,
1012 796 1089 840 sane
1112 781 1168 862 pio

59 876 162 960 magis
191 871 344 956 fidelique
373 876 478 938 animo
507 873 713 961 recipiendis,
741 879 843 940 minus
872 880 972 955 notis,
1002 900 1043 942 ne
1067 879 1168 945 dicam

60 980 196 1064 ignotis,
225 998 316 1061 quam
339 979 480 1061 ipsorum
502 999 697 1063 proavorum
720 980 792 1043 latis
815 990 848 1044 et
868 980 965 1044 rebus
988 981 1168 1069 ubicunque

59 1085 168 1168 gestis.
206 1081 296 1144 Haec
319 1080 429 1145 eadem
453 1091 500 1146 est
522 1104 625 1161 causa,
648 1105 705 1146 cur
725 1085 873 1148 historias
893 1095 1018 1150 sanctas
1040 1091 1168 1152 nonnisi

60 1194 193 1249 eatenus
223 1195 390 1263 memoret,
419 1194 573 1270 quatenus
603 1209 708 1251 earum
735 1191 798 1272 ipsi
819 1187 1072 1254 adversariorum
1095 1194 1168 1255 scri·

59 1299 171 1375 ptores
199 1291 411 1364 meminerint;
440 1311 501 1354 nec
523 1292 649 1374 saepius
672 1314 764 1375 quam
787 1290 887 1355 trihus
910 1296 943 1355 in
965 1292 1046 1357 locis
1069 1295 1113 1374 (l,
1136 1297 1166 1360 5.

58 1395 131 1458 Set
145 1393 213 1471 10.)
236 1394 300 1457 hoc
320 1414 397 1457 vere
420 1393 543 1470 lactum,
572 1405 604 1457 et
625 1394 671 1457 ibi
692 1396 802 1480 typico
827 1416 865 1459 ex
888 1396 1068 1462 charactere
1090 1419 1168 1484 ope-

57 1498 101 1559 ris
130 1495 267 1574 idcirco,
294 1507 330 1560 ut
358 1507 470 1584 neget,
492 1494 627 1561 refellat.
678 1498 736 1561 Sin
756 1520 835 1562 vero
858 1501 893 1562 in
914 1498 998 1563 libro
1022 1504 1167 1588 septimo,

58 1608 230 1685 postquam
251 1601 403 1664 historiae
426 1601 546 1667 Christi
568 1599 614 1664 nil
637 1601 704 1665 lere
726 1604 883 1681 meminit,
903 1602 956 1667 vel
978 1608 1167 1689 potiusno-

57 1713 122 1768 tam
150 1726 220 1769 eam
249 1707 430 1790 supposuit,
459 1705 660 1771 Christianae
689 1704 855 1792 religionis
885 1716 917 1793 et
946 1709 1165 1774 confessorum

57 1807 125 1871 fata
146 1808 264 1893 ubique
286 1813 421 1894 respicit,
444 1809 478 1873 id
500 1830 577 1872 sane
601 1807 687 1873 aliud
711 1818 766 1886 est,
789 1813 974 1894 praesertim
993 1834 1089 1897 quum
1107 1816 1165 1878 ista

57 1915 119 1976 iarn
142 1934 218 1997 pars
241 1916 331 1997 quasi
352 1913 553 1976 historiarum
577 1914 781 1998 profanarum
804 1912 895 1992 facta,
916 1913 1055 1999 ideoque
1072 1925 1167 2000 atque

57 2018 192 2102 insuper
220 2017 343 2081 Nostro
379 2038 431 2080 res
460 2020 584 2080 maximi
612 2020 764 2080 momenti
792 2018 864 2088 sint
920 2017 958 2080 In
987 2020 1024 2081 iis
1053 2030 1166 2097 autem,

58 2141 137 2205 quas
165 2141 243 2204 prae
272 2123 404 2185 caeteris
436 2119 547 2207 elegit,
577 2142 773 2208 paganorum
796 2120 949 2198 historiis,
978 2124 1006 2184 si
1029 2121 1166 2208 denique

57 2225 277 2288 Romanorum
299 2246 350 2288 res
372 2235 481 2312 gestae
503 2229 649 2303 maxime,
677 2246 781 2309 prope
804 2223 894 2287 solae
917 2234 1102 2303 tractantur,
1131 2248 1166 2290 re

56 2329 128 2412 ipsa
149 2327 213 2390 hoc
236 2338 285 2392 est
305 2329 478 2405 conditum,
501 2351 595 2414 quum
614 2330 779 2413 imperium
795 2330 975 2392 Romanum
997 2338 1099 2394 totum
1116 2350 1167 2392 or-

56 2430 130 2494 bem
152 2434 313 2516 antiquum
335 2431 551 2507 absorbuerit;
574 2453 679 2518 neque
702 2441 806 2494 tamen
829 2433 1060 2496 intentionibus
1079 2433 1165 2498 Oro·

56 2536 96 2598 sii
118 2532 270 2614 alienum,
298 2539 391 2601 sicuti
416 2535 534 2622 ubique
557 2535 662 2600 elucet
685 2537 807 2620 etipse
829 2557 1066 2622 nonnumquam
1091 2559 1165 2601 con·

56 2635 176 2703 fitetur.
194 2640 222 2717 ¹)

145 2743 233 2805 Dein
259 2743 357 2806 ferme
379 2765 438 2828 per
460 2752 562 2807 totum
586 2763 667 2828 opus
691 2763 796 2806 rerum
819 2749 1033 2804 enarratarum
1055 2763 1165 2827 super·

55 2843 161 2909 ficiem
184 2855 304 2910 tantum
328 2850 425 2933 tangi,
447 2869 600 2932 nusquam
622 2868 728 2932 paene
742 2848 922 2910 intestinam
938 2847 1097 2909 civitatum
1112 2844 1165 2908 vel

55 2948 250 3036 populorum
274 2951 436 3014 historiam
458 2954 526 3015 erui
549 2950 770 3026 observamus;
792 2947 879 3013 unde
902 2970 1001 3013 nexus
1023 2970 1100 3012 sane
1117 2970 1166 3012 re-

55 3074 124 3118 rum
154 3065 187 3118 et
210 3076 372 3118 causarum
393 3077 498 3140 paene
520 3055 637 3139 ubique
660 3053 866 3117 desideratur.
918 3050 1018 3136 Quod
1040 3055 1167 3138 potissi·

56 3180 140 3223 mum
170 3161 282 3222 iterum
311 3161 344 3221 in
371 3160 502 3222 historia
526 3161 744 3223 Romanorum
766 3165 903 3241 prostat,
932 3154 987 3219 ubi
1011 3165 1165 3239 quatenus

55 3270 166 3347 potest
190 3272 316 3340 auctor,
345 3261 385 3325 ab
410 3284 519 3327 eorum
541 3266 625 3326 veris
648 3261 865 3338 incrementis,
895 3257 1109 3323 moliminibus
1134 3267 1166 3321 et

56 3365 280 3430 certaminibus
309 3369 443 3450 partium
474 3369 604 3430 omuino
628 3388 699 3430 sese
722 3364 869 3428 abstinet.
919 3363 1002 3427 Nam
1025 3364 1165 3450 virgines

55 3467 206 3534 Vestales
230 3469 382 3549 defossae,
406 3469 561 3559 prodigia,
585 3471 691 3549 lamas,
715 3467 912 3554 pestilentias
936 3475 969 3530 ct
984 3464 1045 3529 alia
1060 3466 1166 3528 huius·

56 3570 184 3637 cemodi
206 3568 340 3652 curiosa,
368 3573 473 3662 legem
496 3575 578 3639 adeo
602 3574 750 3658 Oppiam,
774 3574 800 3636 si
824 3573 891 3634 eius
913 3571 1062 3646 meminit,
1074 3568 1101 3648 ²)
1125 3564 1166 3631 ad

55 3676 228 3756 historiam,
251 3701 343 3763 quam
364 3700 516 3744 vocamus
529 3681 721 3754 ¹intestinam
744 3678 904 3763 pertinere
927 3676 979 3737 vix
1002 3674 1165 3757 quisquam

128 3852 163 3921 1)
188 3850 231 3907 Cf.
250 3851 276 3920 l,
296 3856 328 3907 12
347 3855 404 3908 init.
423 3874 448 3930 p.
459 3855 501 3908 61.
527 3851 707 3930 „praesertim
731 3871 789 3906 cnm
814 3860 841 3904 et
863 3847 1027 3905 Graecorum
1050 3855 1165 3923 praeter·

55 3937 143 3995 ounda
165 3957 221 3994 non
244 3940 312 4006 sint,
337 3950 364 3994 et
387 3939 567 3996 Romanorum
589 3937 634 3995 vel
651 3938 764 3993 maxime
784 3933 947 3992 recensenda
964 3933 1049 3989 sint.“
1087 3930 1121 4000 V,
1138 3933 1164 3985 4,

54 4044 82 4102 p.
91 4027 154 4081 295.
178 4024 253 4093 „sed
270 4025 462 4094 Romanorum,
489 4046 548 4082 cum
567 4023 665 4102 quihus
683 4023 762 4081 nobis
781 4023 852 4079 actio
870 4029 926 4089 est,
943 4028 1017 4086 tanta
1035 4027 1112 4086 sunt,
1135 4024 1166 4075 ut

55 4111 114 4169 iure
131 4110 302 4168 fastidiantur
320 4111 412 4170 aliena.
420 4114 437 4140 ‘⁶

125 4207 161 4275 2)
184 4204 232 4274 lv,
249 4211 292 4264 20.
316 4227 344 4284 p.
353 4211 413 4264 271.
946 4286 964 4326 *
