2640 4764
611 191 634 256 9

71 370 114 433 sii
136 367 220 432 fenti
242 388 320 432 vero
344 367 460 448 studui,
481 370 550 434 sive
565 377 727 454 superstes
742 369 784 432 sit
799 370 866 432 sive
882 366 1082 455 deperditns;
1106 367 1181 433 dein

71 494 207 559 operam
229 469 304 536 dedi
327 471 529 537 conferendis
551 492 656 537 rerum
686 482 717 537 et
740 473 896 538 factorum
919 470 1061 536 fontibus
1084 471 1182 538 bodie

71 573 320 662 principalibus
350 586 385 640 ut
412 574 487 641 inde
515 597 592 640 vera
613 577 727 640 Nostri
754 587 787 642 et
808 575 902 655 falsa,
931 580 1059 640 conscia
1082 586 1115 642 et
1135 579 1182 640 in·

71 683 157 757 scia,
180 679 357 743 communia
381 701 450 742 cum
473 678 537 743 illis
561 692 593 744 et
615 679 810 745 discedentia
832 679 873 744 ab
894 679 1007 744 iisdem
1030 701 1183 758 eruerem,

74 786 261 869 praesertim
284 793 387 846 autem
411 782 451 846 ab
468 784 589 848 Oresio
612 782 685 848 sele
707 795 868 849 reservata
889 782 1050 869 fidemque
1072 804 1182 848 eorum

73 892 241 976 aperirem.
292 876 370 949 Ubi'
389 908 483 971 quum
509 887 604 953 facile
626 887 751 967 fuisset,
779 887 934 974 plurimes
956 887 1088 952 laudare
1110 889 1184 950 scri-

71 1002 193 1080 ptores,
215 1001 322 1055 tamen
344 993 451 1074 paucis
476 994 613 1069 exemtis,
635 994 690 1076 qui
711 993 883 1056 necessarii
903 991 1087 1057 viderentur
1101 992 1184 1069 mihi,

73 1117 187 1161 omnes
217 1095 323 1171 omisi,
354 1105 549 1180 quapropter
572 1094 697 1180 quidem
719 1117 761 1159 nc
785 1094 895 1159 credat
917 1099 1001 1181 quis,
1030 1117 1080 1160 me
1102 1094 1184 1158 alios

72 1220 137 1264 nec
158 1199 289 1286 legisse,
316 1218 419 1282 neque
442 1199 627 1283 inspexisse.
672 1199 711 1262 ln
735 1197 903 1263 enetandis
925 1221 1002 1264 vere
1025 1204 1079 1278 iis,
1103 1219 1184 1285 quae

74 1302 116 1367 ab
135 1303 257 1368 Oresio
280 1298 353 1365 selo
375 1311 535 1365 reservata
559 1322 713 1379 censeam,
736 1306 876 1387 quamvis
899 1313 991 1368 caute
1007 1314 1039 1368 et
1056 1306 1186 1367 circum·

74 1416 184 1492 specte
213 1408 346 1492 egerim,
375 1413 481 1467 tamen
509 1405 666 1490 profiteor
694 1405 766 1469 fieri
794 1409 952 1492 petuisse,
981 1416 1016 1470 ut
1042 1409 1184 1470 intanta

72 1508 162 1574 mele
183 1532 288 1574 rerum
310 1530 377 1574 nen
400 1517 463 1571 tam
486 1507 562 1592 qnid
584 1531 634 1573 me
657 1509 898 1597 subterfugerit,
927 1533 1018 1596 quam
1041 1520 1077 1573 ut
1099 1508 1185 1594 apud

73 1615 229 1678 Nostrum
252 1612 356 1677 selum
381 1621 502 1675 exstare
525 1616 745 1676 annotaverim
768 1611 930 1699 quaedam,
954 1637 1034 1699 quae
1050 1614 1185 1678 fortasse
1234 1694 1237 1700 Ι

75 1728 110 1781 et
131 1719 193 1781 iam
216 1715 293 1781 alias
316 1716 526 1780 inveniantur.
543 1717 585 1796 ²¹)
628 1717 799 1781 Praeterea
821 1738 889 1780 non
912 1721 1004 1803 potui
1026 1738 1093 1781 non
1116 1738 1186 1805 per-

74 1821 176 1886 multa
205 1821 385 1908 significare
414 1828 534 1883 tanturn
561 1830 591 1883 ct
614 1842 755 1885 asserere
777 1824 884 1907 petius
909 1843 1000 1905 quam
1024 1843 1186 1907 exponere

76 1935 113 1990 et
140 1924 373 2001 demonstrare,
403 1943 483 2009 quae
513 1927 758 1988 commentarios
787 1946 865 1989 sane
888 1924 1096 2010 amplissimos
1119 1947 1187 1989 sae·

78 2031 217 2114 pissime,
240 2050 277 2091 ac
299 2036 400 2091 tetum
424 2025 490 2090 iere
512 2025 713 2091 historiarum
737 2038 854 2092 textum
879 2027 1034 2114 opusculo
1058 2028 1188 2093 subiun-

79 2143 163 2196 ctum
193 2134 383 2219 exegissent.
439 2130 603 2214 Nusquam
632 2127 736 2195 autem
766 2133 835 2195 sine
863 2131 982 2196 idonea
1011 2155 1103 2197 causa
1134 2142 1188 2197 aut

78 2235 338 2300 consideratione
361 2235 593 2298 accuratissima
616 2233 785 2321 quidquam
809 2235 949 2301 dixerim.

168 2340 255 2405 Dein
277 2360 344 2403 non
367 2337 469 2402 solum
493 2359 560 2402 nen
579 2335 716 2402 alienum
732 2361 749 2402 a
766 2342 945 2425 preposite,
967 2361 1072 2424 neque
1089 2337 1187 2403 mede

78 2442 167 2520 utile,
190 2443 248 2508 sed
270 2445 482 2507 necessarium
506 2445 598 2506 etiam
622 2440 796 2520 videbatur,
825 2447 963 2507 auctoris
986 2447 1188 2528 praemittere

78 2551 187 2612 vitam.
233 2548 270 2610 ln
297 2568 357 2633 qua
381 2545 547 2609 scribenda
571 2568 671 2631 aeque
695 2546 801 2611 fontes
824 2547 943 2631 ubique
965 2557 1104 2625 secutus,
1135 2568 1189 2610 au·

80 2661 204 2715 ctorum
240 2652 511 2714 recentiorum
540 2653 669 2713 nonnisi
698 2652 976 2727 eminentissimos,
1011 2653 1079 2713 sive
1108 2670 1188 2735 quos

81 2764 217 2841 propter
237 2755 319 2818 hanc
341 2751 468 2817 illamve
491 2775 616 2817 causam
639 2749 933 2817 commemorandos
949 2755 1097 2836 opinatus
1112 2773 1189 2831 sum,

81 2857 220 2923 laudavi.
256 2856 387 2921 Plurimi
408 2857 536 2921 brevius
559 2856 612 2922 vel
634 2855 764 2945 longius
787 2855 859 2920 data
875 2858 1046 2920 occasione
1062 2854 1102 2920 de
1116 2858 1190 2933 vita,

82 2983 220 3048 persona
244 2963 425 3045 asscriptis
448 2961 559 3026 Nostri
583 2961 769 3026 disseruere.
808 2960 964 3046 Quorum,
987 2982 1082 3045 quum
1106 2959 1190 3046 apud

82 3068 319 3130 recentissimos
342 3063 446 3128 adbuc
469 3074 501 3128 et
523 3067 556 3128 in
579 3063 778 3150 compendiis
801 3065 952 3129 historiae
975 3063 1132 3128 literariae
1150 3067 1192 3128 ci·

84 3179 207 3248 tentor,
236 3189 403 3255 quousque
433 3167 520 3231 adire
542 3170 631 3253 ipsos
654 3166 708 3231 vel
729 3171 859 3231 nemina
881 3188 991 3231 eorum
1015 3171 1191 3252 comperire

83 3276 251 3360 potuerim,
274 3271 409 3336 indicem
432 3272 624 3356 brevemque
648 3293 811 3336 censuram
835 3270 1034 3358 subiungam.
1072 3271 1110 3334 lu
1126 3292 1189 3358 quo

84 3379 148 3442 hec
177 3375 407 3440 animadvertas
433 3375 543 3454 velim,
571 3396 634 3460 quo
658 3378 790 3461 primurn
814 3375 991 3461 prodierint
1012 3374 1126 3440 ordine
1150 3396 1190 3439 eo

85 3502 214 3566 quoque
236 3480 310 3545 illos
329 3501 363 3545 sc
380 3481 533 3564 excipere,
556 3482 714 3564 queniam,
736 3482 844 3565 paucis
862 3480 1007 3563 exceptis,
1029 3477 1096 3542 fere
1112 3501 1192 3542 sem-

58 3642 61 3647 .
85 3606 144 3669 per
166 3584 324 3669 prioribus
342 3587 391 3648 usi
406 3593 480 3649 sunt
495 3587 699 3667 posteriores,
721 3585 748 3646 si
764 3603 830 3649 non
845 3582 940 3668 plane
957 3581 1193 3667 descripserunt

86 3697 316 3752 antecessores.
365 3687 482 3751 Mirum
512 3689 594 3751 enim
622 3688 655 3750 in
684 3684 813 3751 modum
842 3688 934 3750 etiam
964 3687 1021 3747 viri
1052 3683 1128 3748 clari
1152 3685 1192 3749 de

87 3791 184 3855 rebus
208 3794 415 3877 scripserunt,
447 3789 526 3854 alter
554 3789 637 3854 adeo
662 3789 795 3854 alterum
818 3792 1039 3875 vituperarent
1060 3799 1193 3875 prepter

159 4035 212 4103 21)
234 4033 275 4088 Ee
294 4053 380 4109 usqne
398 4044 500 4090 tantum
518 4036 630 4091 veniunt
648 4037 675 4091 in
694 4043 867 4113 conspectum
885 4035 1033 4110 scriptores
1052 4032 1110 4101 alii,
1132 4053 1193 4108 qua·

86 4131 167 4177 tenus
186 4128 388 4176 antecesserunt
401 4119 530 4176 Oresinm
547 4131 574 4176 et
592 4120 673 4177 bodie
690 4119 779 4176 fontes
797 4122 837 4176 rei
854 4120 991 4177 cuiusdam
1009 4119 1174 4176 adhibentur.
