2640 4764
691 201 755 266 122

169 375 219 431 sed
246 376 336 451 potius
358 381 473 452 proptor
493 373 652 444 Maronitas,
679 377 752 452 quib
776 373 927 432 libertatem
949 375 1145 432 restituendam
1167 387 1273 434 senatur

169 463 329 529 censuisset,
347 461 505 517 trucidatos.
535 461 568 519 cl.
586 461 644 519 Liv.
656 461 784 530 XXXIX,
795 463 872 517 3455
882 464 925 518 35
944 481 1033 539 neque
1045 472 1197 532 accurate
1199 484 1274 532 ,·eum

168 548 282 624 demque
301 547 437 616 (Demetr.
456 548 507 616 sc.)
527 551 738 605 contiuuo-
757 550 874 605 necavit‘
877 550 905 618 5,]

185 634 260 713 Scip.
274 633 331 690 Ass.
351 634 384 690 ad
400 633 540 691 Liternum
556 635 622 691 obit.
642 632 733 691 eLiv.
748 633 876 702 XXXIX,
893 633 945 691 ὅθ
963 634 1009 704 (et
1024 634 1180 704 XXXVIII,
1194 637 1257 706 56..)

185 720 303 777 Annibal
324 740 429 777 veneno
452 722 505 777 sibi
527 730 641 777 mortem
664 723 817 777 consciscit.
851 741 884 777 ex
906 720 965 777 eod
984 721 1119 790 XXXIX,
1137 726 1182 778 51.

185 805 377 884 Philopoemen
396 810 502 865 occisus
864 839 874 853 ·
927 839 937 852 ·
1043 839 1056 852 ·
1135 810 1173 862 49
1190 818 1218 864 et
1233 813 1272 864 50.

185 892 701 963 11581511.1555155555,51551551115
864 925 874 938 ·
927 925 938 939 ·
1043 927 1052 938 ·
1133 896 1202 949 56.
1210 896 1237 963 5)

186 978 311 1053 91515
329 992 440 1059 praetor
457 984 486 1038 in
503 982 589 1062 Hispc
599 986 643 1039 cit
662 983 747 1038 vincit
863 1012 873 1024 -
927 1013 936 1024 ·
1024 979 1089 1048 XL,
1111 983 1185 1036 30-
1194 983 1253 1038 82.

185 1064 247 1123 Tib.
258 1067 361 1146 Sempr.
372 1067 513 1125 Gracchi'
506 1089 534 1125 ru
548 1069 594 1124 ult
638 1067 715 1146 Ilisp.
733 1087 776 1123 res
794 1077 893 1139 gestae
918 1065 1007 1123 eLIr.
1024 1067 1084 1134 XL,
1103 1066 1196 1135 (47-
1204 1068 1271 1136 >so

184 1152 215 1208 L
231 1152 405 1210 posthumii
397 1175 425 1210 m
444 1157 488 1210 cit
672 1155 765 1231 (impr.
777 1157 813 1208 49
825 1163 853 1210 ct
866 1154 922 1222 50.)
941 1163 1018 1209 etex
1036 1152 1180 1230 (deperd)
1198 1156 1272 1210 initio

166 1237 225 1294 Lis.
245 1238 261 1294 l.
275 1239 346 1297 XLI.
365 1240 416 1309 (cl.
436 1251 463 1296 et
480 1240 577 1316 Polyb.
596 1241 686 1316 fragm.
705 1238 804 1296 XXVI.
820 1239 851 1296 II.
871 1240 943 1309 54.)
972 1240 1027 1308 [At
1044 1239 1196 1296 Posthumii
1214 1260 1272 1319 pro·

167 1325 254 1381 vincia
276 1325 335 1382 ult.
355 1337 411 1383 erat
428 1326 504 1406 Ilisp.
529 1337 556 1383 et
574 1325 690 1382 Gracchi
713 1328 782 1392 cit.;
803 1325 976 1401 negligentia,
1000 1335 1029 1382 nt
1051 1325 1173 1394 videtur,
1190 1336 1272 1383 traus-

166 1413 284 1489 positae,
305 1434 385 1488 quum
403 1413 502 1469 deinde
518 1413 663 1481 „ihidem“
688 1413 731 1490 (p.
742 1415 802 1468 274.
822 1412 868 1468 115.
880 1412 938 1479 ult,
957 1411 1126 1468 referendum
1145 1412 1179 1468 ad
1197 1411 1271 1490 Hisp.

166 1500 219 1554 cit.
239 1498 319 1554 modo
337 1501 515 1569 nominatam)
539 1499 600 1556 Tib.
620 1500 770 1558 Gracchum
788 1498 838 1554 CC
857 1498 956 1576 oppida
975 1519 1152 1575 expugnasse,
1174 1497 1272 1554 Noster

166 1585 292 1655 scribat]
316 1615 352 1627 —
375 1607 401 1663 p.
415 1590 490 1642 2755
512 1585 618 1665 Lepido
643 1597 670 1642 ct
692 1585 781 1642 1115515
805 1605 874 1640 coss.
898 1586 1046 1641 Bisteruae
1067 1583 1166 1641 Istrum
1189 1595 1272 1641 trans-

167 1680 260 1727 euntes
278 1682 398 1749 pereunt.
423 1694 438 1728 e
455 1683 523 1751 part.
543 1673 653 1752 deperd.
672 1673 729 1729 Lis.
749 1670 825 1738 XLI,
845 1675 884 1727 18.
899 1667 971 1740 (22.)
987 1673 1027 1727 19.
1041 1672 1115 1740 (23.)
1153 1671 1205 1738 (51.
1225 1671 1271 1727 Ρο-

165 1756 220 1832 lyh.
240 1757 331 1834 fragm.
349 1757 450 1827 XXVI,
462 1759 501 1829 9.)
524 1789 557 1801 ·-
582 1761 691 1836 52755
714 1760 746 1814 Ρ.
760 1757 845 1812 Licin.
859 1757 972 1824 Crasso,
992 1757 1024 1813 C.
1037 1756 1137 1813 Cassio
1151 1757 1270 1833 Longino

166 1864 235 1900 coss.
255 1844 317 1900 bell.
335 1843 536 1901 Macedonicum
555 1845 631 1901 alter.
649 1845 709 1901 Init.
728 1864 782 1900 sec.
801 1842 869 1899 Liv.
887 1841 970 1911 XLII,
984 1846 1027 1900 29.
1046 1852 1075 1899 et
1092 1843 1208 1922 Eutrop.
1226 1843 1270 1912 IV,

165 1934 190 1986 3.
209 1963 245 1972 —
264 1929 380 1987 Crassus
399 1953 414 1988 a
432 1931 532 1988 Perseo
551 1935 645 1990 rictus.
669 1953 722 1989 sec.
741 1930 800 1987 Liv.
815 1929 831 1984 l.
845 1929 862 1985 1.
881 1932 1006 1986 58-60.
1025 1961 1056 1971 -
1078 1929 1208 2006 Sequeut.
1227 1951 1271 2008 pu·

164 2036 215 2092 gua
234 2037 318 2092 aequo
331 2016 416 2073 Illarte
434 2018 589 2076 discessum.
610 2040 664 2076 sec.
684 2016 761 2073 eund.
781 2015 846 2071 ibid
865 2019 987 2072 65-67.
1007 2050 1039 2060 -
1059 2015 1177 2072 Perseus
1196 2019 1225 2073 in
1240 2015 1270 2072 Il·

164 2103 279 2178 lyricum
297 2114 481 2179 transgressus
501 2105 645 2162 85155555
664 2106 748 2181 capit,
767 2101 929 2180 praesidium
947 2101 1058 2158 Roman.
1077 2103 1193 2172 occidit,
1212 2123 1270 2159 ven·

165 2189 214 2257 dit,
233 2209 323 2246 secum
342 2189 457 2246 abducit.
477 2212 529 2247 sec.
543 2191 603 2248 Lir.
616 2190 712 2256 XLIII,
727 2192 760 2245 18
773 2200 800 2246 et
815 2191 916 2244 trinit.
936 2191 1012 2256 (sivo
1029 2193 1065 2244 20
1078 2198 1105 2244 ct
1117 2191 1176 2258 21.)
1202 2190 1269 2258 [nou

164 2278 364 2332 accuratissimo
387 2276 501 2352 quidem.
521 2310 555 2319 —
579 2276 656 2333 Livio
675 2277 740 2333 urbs
765 2274 917 2344 „Uscana“
935 2275 1004 2343 est]
1024 2306 1056 2316 —
1081 2273 1199 2332 Perseus
1223 2274 1269 2345 (ad

164 2360 303 2437 Pydnam)
323 2361 356 2418 ab
374 2362 488 2419 Aemilio
507 2365 603 2431 victus,
622 2385 645 2419 5.
664 2363 736 2419 verb.
753 2363 909 2438 Eutropii
927 2360 973 2427 IV,
986 2363 1011 2416 4.
1034 2360 1082 2428 (51.
1103 2359 1162 2419 Liv.
1174 2360 1268 2430 XLIV,

164 2450 240 2525 impr.
260 2446 331 2518 42.);
354 2459 456 2528 coptus.
480 2470 533 2506 sec.
552 2449 610 2506 Liv.
629 2448 715 2517 XLV,
733 2454 772 2515 6.;
791 2471 812 2505 5.
832 2448 897 2503 filiis
916 2468 965 2524 per
981 2447 1148 2524 triumphum
1166 2447 1267 2505 ductus.

164 2554 216 2591 seo.
235 2533 294 2590 Liv.
313 2533 398 2604 XLV,
418 2537 486 2605 (39l
509 2535 541 2592 cI.
562 2535 631 2592 Plut.
651 2535 745 2592 AemiI.
764 2538 800 2590 33
813 2545 840 2590 et
851 2532 912 2602 34.)
934 2537 983 2589 40.
1014 2533 1145 2610 [Eutrop.
1164 2533 1212 2603 IV,
1228 2535 1267 2604 4.]

164 2623 192 2676 15
215 2621 336 2678 custodia
356 2642 396 2699 ap.
416 2621 511 2678 Albam
529 2622 633 2690 delicit;
657 2621 694 2677 lil.
714 2624 747 2677 ei.
765 2623 829 2676 min.
848 2630 912 2676 natu
929 2619 1004 2676 taber
1021 2619 1123 2675 Romae
1141 2632 1266 2677 mortuus.

164 2729 218 2764 sec.
238 2706 305 2763 Liv.
320 2752 326 2765 .
340 2711 371 2764 ,1
394 2708 446 2779 (cf.
464 2708 535 2764 Plut.
547 2708 643 2764 Aemil.
655 2711 697 2764 37.
718 2707 787 2764 11511.
800 2706 820 2774 I,
834 2710 881 2773 11;
896 2710 918 2763 l.
937 2706 1051 2763 Diodor.
1063 2709 1107 2762 31.
1134 2707 1176 2764 ed.
1192 2707 1267 2764 Wes-

164 2793 309 2871 seling.‘ll,
328 2816 354 2872 p.
364 2797 443 2863 516.)

168 2900 171 2905 ·
233 2880 279 2950 IV,
288 2884 332 2937 21.
345 2903 372 2959 p.
381 2883 554 2936 ato-ate:
572 2880 627 2936 Lic.
639 2879 763 2948 Lucullo,
781 2880 813 2935 A.
823 2877 962 2935 Posthum.
973 2878 1071 2934 Albino
1085 2899 1157 2936 coss.
1176 2879 1207 2937 P.
1216 2880 1267 2936 set

162 2969 209 3044 pio
227 2967 300 3023 ultro
318 2969 346 3023 in
357 2965 513 3043 Hispaniam
529 2966 705 3022 militaturum
722 2988 753 3022 se
771 2966 883 3043 praebet
901 2987 984 3035 „cum
1002 2968 1138 3022 tamenin
1150 2966 1266 3023 Macedo

162 3055 233 3112 niam
255 3062 331 3109 sorte
353 3054 405 3108 iam
428 3052 572 3130 deputatus
595 3057 690 3110 esset“
710 3053 755 3123 (t)
774 3061 825 3108 etc.
856 3053 927 3122 [non
946 3062 1033 3109 tumen
1051 3063 1227 3130 peraccnrate
1241 3055 1265 3109 in

163 3137 302 3198 dictionib.
322 3137 371 3209 (51.
390 3140 505 3218 Appiam
524 3139 571 3207 VI,
589 3143 632 3196 49.
645 3144 678 3195 51
692 3161 751 3216 sqq.
764 3140 845 3208 53.)]

231 3248 258 3304 p.
269 3231 343 3283 atta
363 3225 391 3282 S.
402 3225 488 3282 Galba
504 3237 639 3305 praetore
652 3226 788 3283 Lusitanis
800 3229 886 3282 rictus
905 3227 993 3303 (App.
1007 3224 1052 3295 VI,
1064 3227 1122 3297 53.)
1143 3259 1177 3269 -
1197 3226 1264 3304 Scip.

162 3310 273 3379 Nasica,
292 3315 357 3388 quin
375 3313 508 3369 theatrum
526 3323 693 3380 exstruatur,
712 3313 845 3390 prohibet.
956 3346 959 3351 -

186 3465 191 3476 Ι
232 3419 260 3476 p.
273 3400 347 3454 278:
371 3398 400 3454 S.
419 3398 504 3455 Galba
521 3399 666 3456 Lusitanos
685 3399 788 3475 perfide
806 3400 949 3456 obtruncat
972 3398 1061 3477 (App.
1079 3398 1131 3468 Vl,
1151 3403 1195 3456 59.
1211 3399 1264 3466 110.)

164 3484 253 3555 [Ilaec
274 3487 361 3542 omnia
379 3485 480 3542 Noster
498 3507 513 3542 5
532 3485 591 3542 Liv.
610 3485 729 3541 XLVIII.
748 3489 876 3563 sumpsit,
900 3488 976 3543 ouius
995 3486 1118 3543 ordinem
1135 3507 1226 3543 rerum
1242 3493 1265 3541 et

161 3592 212 3651 per
231 3574 367 3648 epitomen
391 3572 534 3629 verborum
554 3575 665 3648 vestigia
690 3571 740 3640 (de
758 3572 907 3649 Scipionib.
926 3572 1022 3629 Aemil.
1042 3583 1069 3629 ct
1087 3572 1204 3643 Nasica)
1224 3572 1264 3628 ob

162 3678 260 3715 servos.
283 3692 312 3702 -
337 3657 438 3714 Ultima
461 3658 553 3714 itidem
575 3661 603 3715 in
626 3659 678 3715 hoc
696 3658 768 3715 Livii
790 3659 860 3715 libro
883 3669 989 3715 narrata
1007 3659 1092 3716 luisse
1114 3681 1148 3716 ex
1167 3662 1232 3738 epit.
1247 3658 1263 3714 l.

162 3764 219 3820 seq.
256 3743 371 3818 „Quum
388 3742 418 3799 L.
439 3744 606 3814 Scribonius,
628 3747 689 3802 trib.
708 3745 769 3824 pl.“
788 3756 837 3804 etc.
858 3748 992 3803 coniicere
1009 3745 1082 3803 licet.
1119 3747 1216 3816 „Cum
1232 3755 1263 3801 ta·

161 3851 222 3888 men
240 3832 268 3886 in
286 3830 468 3888 Macedoniam
486 3850 508 3888 s.
527 3833 543 3888 i.
563 3832 590 3888 d.
610 3835 655 3890 c.“
674 3835 702 3889 in
720 3830 847 3888 Nostro
865 3834 934 3889 Icro
952 3831 1047 3902 solo]

231 4074 285 4145 95)
307 4074 350 4133 CI.
369 4076 440 4135 Scal.
459 4079 589 4136 animadv.
608 4081 637 4135 15
654 4079 753 4136 Euseh.
772 4101 799 4157 p.
811 4083 869 4136 139.
890 4112 921 4123 -
946 4077 987 4136 Ne
1010 4081 1054 4137 551
1076 4052 1188 4138 dubium
1206 4078 1262 4137 inde

161 4162 195 4219 de
217 4162 312 4219 Nostri
334 4162 408 4220 Ionte
432 4167 537 4223 existat.
576 4164 696 4241 Scaliger
718 4168 787 4222 enim
811 4165 917 4223 Livium
939 4168 1127 4245 principem
1150 4165 1262 4225 Nostri

161 4249 285 4309 Iontsm
302 4252 331 4309 15
348 4250 444 4310 histor.
462 4251 540 4311 Rom.
558 4252 677 4311 nondum
694 4262 866 4330 perspectum
883 4251 986 4310 habuit.
