2640 4764
627 218 689 303 153

272 481 295 550 ξ.
317 482 358 535 14.
401 479 432 536 C.
456 478 704 537 svuromvs
729 479 1042 554 TRANQVILLVS.

193 600 341 664 Suetonii
371 599 411 664 de
438 602 512 663 vitis
540 602 764 686 imperatorum
795 586 892 687 opus,
922 599 976 664 illa
1000 609 1104 665 aetate
1126 607 1212 663 certe

103 704 354 783 celeberrimum,
378 705 452 789 quin
477 704 598 769 Orosio
622 727 751 791 quoque
773 704 858 768 bene
880 715 991 768 notum
1013 704 1117 782 fuerit,
1139 725 1213 768 nus·

104 833 197 896 quam
225 831 293 874 non
323 807 461 872 dubitari
489 813 608 893 nequit.
658 811 773 894 Neque
801 809 898 874 ullum
925 809 1060 873 fontium
1083 829 1211 873 suorum

103 926 168 980 tam
193 934 289 998 saepe
312 910 434 990 laudat,
456 934 528 975 nam
552 917 670 1000 septies
692 915 754 976 hoc
776 913 892 978 lactum
916 923 971 976 est.
987 914 1041 992 ¹²⁶)
1085 911 1213 997 Quibus

102 1016 250 1093 inlusis,
275 1024 408 1101 excepto
431 1015 499 1080 fere
523 1016 634 1080 ultimo
657 1027 787 1096 tantum,
809 1027 845 1082 ut
867 1021 962 1082 etiam
978 1016 1064 1095 aliaS,
1086 1021 1130 1081 ita
1145 1036 1213 1079 non

104 1120 208 1186 solum
232 1118 358 1206 singula
381 1119 451 1203 plus
474 1124 618 1184 minusve
641 1121 681 1185 ad
704 1121 836 1186 verbum
860 1131 1007 1207 excerpta
1024 1143 1040 1183 e
1057 1120 1212 1184 Suetonio

105 1234 245 1303 exstant,
270 1222 328 1288 sed
352 1225 445 1286 etiam
469 1228 612 1312 cognitio
636 1228 704 1290 eius
727 1228 760 1289 in
784 1228 965 1290 universum
989 1223 1102 1288 elucet.
1148 1223 1215 1288 Sed

107 1352 203 1417 quum
227 1332 288 1392 iam
312 1349 416 1412 supra,
440 1350 500 1412 qua
523 1331 658 1408 ratione,
682 1329 768 1414 quod
791 1329 831 1392 ad
853 1331 1041 1414 Eutropium
1064 1330 1215 1414 imprimis

107 1444 140 1498 et
163 1434 403 1517 Hieronymum,
426 1453 486 1495 nec
508 1434 609 1495 minus
634 1433 674 1496 ad
696 1434 820 1497 Livium
844 1437 964 1510 attinet,
986 1432 1158 1496 Suetonius
1181 1433 1215 1494 in

107 1539 232 1602 Nostro
256 1545 416 1622 apparent,
443 1534 559 1599 dictum
583 1539 630 1614 sit,
653 1537 716 1599 boc
739 1557 866 1623 quoque
887 1536 971 1614 loeo,
993 1534 1089 1599 index
1110 1557 1215 1601 rerum

107 1649 405 1727 transsumptarnm
429 1650 465 1704 ut
487 1652 592 1719 antea,
617 1650 650 1704 et
672 1643 839 1705 ascitorum
863 1641 1000 1725 capitum
1023 1639 1170 1704 sufficiet.
1232 1727 1234 1730 .

178 1797 235 1854 Ubi
252 1799 367 1875 primum
381 1799 533 1852 nominatur
545 1797 691 1854 Suetonius
706 1819 748 1876 sp.
761 1797 852 1854 Nostr.
871 1796 973 1869 (V1‚7.
992 1818 1019 1875 p.
1029 1800 1113 1867 386.)‚
1131 1817 1216 1873 panea

105 1884 236 1962 quaedam
249 1905 264 1939 e
276 1887 328 1939 vita
342 1883 466 1939 Caesaris
479 1905 501 1940 c.
511 1889 554 1940 22.
568 1884 697 1940 translata
710 1885 843 1941 videntur.
864 1882 913 1956 (ol.
927 1886 949 1956 ξ.
962 1883 1083 1962 praeced.
1096 1883 1131 1939 ad
1143 1883 1168 1940 h.
1178 1883 1214 1954 l.)

177 1969 286 2026 Deinde
304 1969 428 2026 Suetonii
449 1970 555 2047 periodi
578 1991 592 2027 e
610 1973 665 2027 vita
685 1969 827 2027 Octaviani
845 1991 869 2027 e.
883 1974 908 2026 9.
927 1979 1156 2047 recognoscuntur
1173 1991 1215 2048 ap.

106 2057 200 2114 Nostr.
219 2055 269 2124 Vl,
288 2060 331 2112 18.
353 2078 380 2135 p.
396 2060 471 2124 ltu,
492 2057 538 2113 ubi
562 2056 636 2113 illius
658 2057 762 2126 verbis,
786 2068 853 2133 quot
875 2068 902 2113 et
925 2078 992 2134 quae
1012 2056 1083 2112 bella
1102 2058 1217 2131 gesserit

108 2144 275 2201 Octavianus
295 2141 404 2211 Caesar,
423 2153 611 2199 commemorat
630 2142 754 2211 Orosius,
773 2143 921 2220 eodemque
938 2143 1033 2200 Nostri
1050 2164 1107 2221 cap.
1126 2165 1153 2220 p.
1164 2144 1217 2198 434

108 2241 136 2287 et
148 2233 209 2285 435.
228 2228 262 2284 de
280 2225 384 2306 Lepido
404 2241 549 2286 occurrunt
568 2229 691 2286 Suetonii
710 2230 790 2286 verbe
809 2232 837 2285 in
856 2229 918 2286 Oct.
939 2233 980 2286 lo.
1001 2228 1051 2300 (ef.
1064 2230 1114 2287 sub
1127 2229 1199 2300 Liv.)

180 2315 249 2371 Tum
267 2314 314 2382 Vl,
329 2317 370 2372 19.
389 2318 486 2394 p.‹139.
506 2316 707 2373 similitudinem
725 2316 832 2372 verbor.
851 2316 885 2372 de
903 2315 1005 2392 Psyllis
1025 2337 1046 2374 e.
1065 2315 1139 2374 Suet
1152 2316 1217 2374 Oct.

109 2406 150 2458 17.
170 2421 251 2477 supra
270 2400 338 2471 (sub
356 2401 430 2473 Liv.)
448 2406 606 2459 notavimus.

117 2512 121 2518 ·
179 2487 228 2555 vl,
240 2491 284 2543 m.
304 2510 329 2565 p.
341 2492 415 2545 tlt:
439 2488 584 2545 Suetonius
604 2491 664 2567 ipse
682 2489 812 2557 laudatur,
832 2499 949 2545 streete
969 2488 1041 2566 quod
1060 2499 1166 2567 spectet
1183 2488 1219 2545 a'd

109 2574 205 2641 verba;
224 2574 285 2629 vide
304 2573 365 2629 Tib.
379 2577 420 2631 16.
438 2586 575 2653 praeterea
594 2575 707 2631 eundem
724 2578 753 2631 in
767 2575 828 2631 Tib.
849 2585 876 2631 et
890 2575 952 2631 Oct.
970 2595 1161 2652 nonnunquam
1179 2576 1218 2632 ibi

109 2681 284 2737 agnoscemus
303 2682 421 2717 necesse.
451 2661 501 2731 (de
520 2662 592 2739 quib.
610 2661 664 2718 vid.
684 2661 734 2718 sub
752 2661 834 2717 Floro
853 2664 882 2716 in
900 2660 977 2731 fine.)

182 2746 228 2815 Vl,
240 2751 283 2806 Ὦ.
301 2750 411 2825 p.‹148.:
430 2747 553 2804 Suetonii
572 2748 634 2804 Oct.
649 2751 692 2803 53.
711 2749 789 2804 adest
806 2746 971 2815 adverbum,
991 2746 1025 2803 de
1037 2747 1159 2823 Augusto
1172 2747 1218 2804 do·

109 2835 177 2890 mini
189 2854 286 2889 nomen
299 2844 452 2900 recusante;
473 2834 535 2902 [ubi
549 2833 708 2891 Orosiauam
720 2836 891 2890 mutationem
904 2831 984 2889 velim
997 2833 1125 2892 observes
1143 2838 1218 2906 „Do-

110 2922 177 2976 mini
196 2919 412 2998 appellationem,
430 2930 466 2977 ut
482 2921 584 2989 homo,
607 2920 775 2981 declinavit“
794 2939 875 2997 quum
892 2921 921 2975 in
939 2918 1050 2976 Sueten.
1069 2932 1123 2989 „ut
1140 2922 1220 2981 male·

111 3006 213 3062 dietum
233 3016 260 3061 et
279 3006 452 3084 opprobrium
472 3028 578 3084 semper
596 3007 778 3077 exhorruit“.]
808 3007 946 3063 Praeterea
965 3005 1080 3063 fortasse
1098 3029 1166 3085 quae
1184 3010 1219 3067 de

110 3091 217 3167 legibus
235 3090 352 3167 Augusti
368 3095 500 3162 breviter,
523 3093 566 3149 vel
582 3098 675 3171 potius
695 3094 783 3149 obiter
799 3103 927 3149 memorat
945 3093 1041 3161 Oros,
1061 3115 1076 3150 e
1094 3094 1220 3155 Suetonii

111 3177 148 3248 (l.
161 3199 183 3234 e.
195 3178 251 3249 34.)
271 3178 387 3235 lectione
404 3179 538 3258 prodiere.

183 3263 278 3332 V11‚3.
298 3287 324 3343 p.
335 3269 386 3322 457
405 3275 472 3343 part.
486 3267 569 3323 infim.
591 3266 714 3323 Suetonii
736 3266 813 3322 locus
837 3286 870 3322 ex
888 3257 949 3322 Oct.
968 3267 1012 3321 93.
1031 3267 1161 3334 occurrit,
1184 3267 1220 3324 ad

113 3371 193 3428 quem
216 3372 272 3433 seq.
291 3372 350 3429 pag.
369 3352 456 3423 (458)
479 3374 575 3409 nomeu
598 3355 741 3431 scriptoris
763 3356 851 3430 ipsum
874 3351 1011 3420 laudatum
1035 3370 1098 3409 mox
1119 3353 1220 3411 ibidem

113 3437 149 3494 de
166 3457 259 3512 magna
277 3437 378 3494 Romae
397 3438 477 3507 fame,
495 3438 547 3495 loe.
567 3459 600 3495 ex
618 3439 680 3495 Oet.
700 3444 742 3495 m.

185 3523 248 3591 Vll,
265 3528 289 3580 4.
313 3546 339 3602 p.
355 3528 526 3581 459-463.:
551 3527 578 3580 in
601 3528 756 3582 universum
778 3525 921 3582 lectionem
943 3526 1092 3602 reperimus
1116 3524 1220 3583 Tiberii

113 3611 273 3668 Suetoniani
292 3622 319 3667 et
336 3612 377 3667 his
397 3614 424 3668 in
443 3611 515 3667 loeis'
527 3611 651 3667 Suetonii
669 3612 764 3669 verba:
783 3632 809 3688 p.
822 3615 882 3667 459.
901 3613 929 3666 in
946 3611 1060 3689 periodo
1079 3610 1154 3680 „Hic
1170 3632 1221 3690 per

113 3701 289 3775 semetipsum
303 3696 375 3754 nulla
388 3697 459 3753 bella
471 3702 563 3774 gessit,
582 3697 641 3754 sed
659 3719 697 3753 ne
715 3719 773 3776 per
791 3697 921 3773 legatos
941 3698 1093 3774 quidem“
1113 3707 1163 3754 ete.
1182 3697 1222 3754 ul·

114 3788 178 3840 tima
198 3784 322 3842 Suetonii
340 3795 403 3842 sunt
421 3783 483 3840 Tib.
502 3788 545 3840 37.
564 3784 708 3853 „Hostiles
723 3793 811 3841 motus
826 3818 858 3828 -
872 3805 921 3861 per
932 3783 1033 3860 legatos
1046 3787 1220 3862 compescuit,

108 3893 175 3949 'nee
193 3892 252 3949 per
271 3891 326 3926 eos
346 3871 498 3947 quidem⁴⁴
512 3879 562 3926 etc.
582 3892 663 3948 quum
675 3874 759 3949 prima
772 3874 863 3948 potius
876 3872 1000 3948 Eutropii
1015 3870 1073 3940 Vll,
1086 3874 1110 3927 6.
1130 3870 1221 3940 „Nam

114 3979 248 4034 nusquam
270 3959 331 4035 ipse
353 3958 504 4036 pugnavit“
523 3956 636 4015 reddere
653 3958 803 4016 videantur.
827 3993 859 4002 -
883 3956 950 4014 lbid.
969 3957 1053 4036 „lpse
1071 3968 1158 4014 autem
1176 3956 1222 4015 Ti·

190 4200 259 4271 ms)
283 4199 365 4257 urso
387 4157 511 4258 uros:
537 4199 584 4268 vr,
597 4204 621 4256 7.
640 4222 667 4278 p.
677 4203 737 4257 sss.
766 4199 866 4268 vum.
886 4204 983 4279 pur.
1010 4200 1068 4270 vu,
1079 4203 1105 4257 3.
1125 4222 1150 4279 p.
1160 4205 1221 4260 ass.

118 4285 178 4355 vn,
191 4289 216 4344 o.
235 4291 332 4364 pure.
360 4286 425 4345 rur.
443 4291 541 4365 pnes.
570 4285 628 4357 vu,
641 4291 666 4344 9.
686 4291 782 4366 pus.
809 4286 873 4346 urs.
892 4286 989 4364 poso.
