2640 4764
694 189 738 255 54

164 367 401 434 contendamus.
446 368 507 432 Hic
529 377 633 432 autern
656 369 811 431 inversam
834 365 902 428 fere
924 363 1069 429 videmus
1090 370 1271 452 proportio-

164 496 236 539 nem
268 471 437 550 eiusmodi,
465 479 501 536 ut
523 472 660 536 Orosius
691 491 771 556 quos
801 472 941 533 annectit
967 492 1117 534 excursus
1141 480 1202 535 etc.
1225 473 1270 535 his

164 578 336 664 subiungat
358 575 448 640 lactis
470 576 630 661 rebusque
652 578 766 663 gestie,
793 595 871 659 quas
894 574 1090 661 Augustinus
1114 573 1270 639 interdum

164 682 355 746 documenta
379 683 613 765 expositionum
636 701 762 744 suarum
784 676 950 765 allegavit,
980 683 1034 758 (et
1057 678 1215 743 factorum
1238 678 1271 744 il-

163 785 269 850 lorum
290 787 341 849 vix
364 783 461 848 ullum
483 785 621 850 Orosius
645 787 784 862 omisit),
806 803 867 846 nec
889 803 963 847 raro
987 791 1190 870 argumenta,
1211 783 1271 846 for-

163 912 233 954 mae
260 887 342 952 adeo
366 898 398 953 et
421 888 621 953 elocutiones
644 887 761 951 similes
785 896 880 973 atque
902 891 934 951 in
959 888 1140 973 Augustino
1167 907 1271 951 occur-

164 1002 247 1057 runt.
287 992 409 1059 Omnes
431 1002 596 1077 praeterea
611 991 877 1068 adhortationum,
901 994 1124 1055 evocationum
1141 989 1184 1054 ad
1198 999 1271 1055 tern-

164 1119 279 1183 porum
304 1099 574 1182 comparationem
598 1106 629 1160 ct
651 1093 902 1181 intelligentiam,
928 1093 1150 1158 inductionum
1175 1104 1208 1158 ct
1229 1098 1271 1159 iu-

163 1204 344 1266 vectionum
368 1203 447 1264 varii
468 1201 571 1280 modi,
599 1221 679 1286 quos
703 1198 852 1263 habemus
877 1198 961 1283 apud
985 1199 1213 1284 Augustinum,
1235 1201 1272 1262 si-

164 1305 230 1369 mili
260 1314 314 1369 aut
339 1303 468 1390 paulum
491 1314 610 1370 mutata
633 1307 758 1368 ratione
782 1306 875 1368 etiam
900 1302 985 1388 apud
1008 1303 1164 1366 Nostrum
1187 1305 1271 1367 inve

163 1412 306 1486 niuntur;
335 1412 410 1473 item
438 1410 619 1494 ubicunque
649 1407 759 1472 eadem
789 1406 905 1472 iudicia
934 1409 1001 1471 sive
1026 1407 1177 1471 breviora
1206 1410 1271 1471 sive

163 1513 329 1602 longiora.¹
363 1514 405 1576 Et
428 1535 509 1598 quae
533 1535 570 1577 ex
588 1514 635 1576 his
651 1515 770 1597 optima
786 1532 970 1576 censeamus
987 1520 1116 1597 oportet
1140 1547 1181 1563 -
1205 1513 1226 1574 i.
1245 1533 1269 1574 e.

165 1620 304 1703 exceptis
328 1619 478 1702 mysticis
501 1638 583 1702 quae
604 1615 714 1680 saltem
738 1638 805 1680 non
827 1618 975 1680 reiecisse
997 1614 1144 1679 videatur
1168 1616 1272 1701 Augu-

164 1725 272 1797 stinus,
295 1719 430 1805 plurima
444 1758 489 1768 —
505 1742 586 1806 quae
606 1724 668 1784 iam
686 1742 782 1806 supra
798 1718 1035 1805 quodammodo
1052 1728 1173 1783 tantum
1189 1719 1272 1784 Oro·

164 1829 253 1890 siana
277 1834 309 1889 et
331 1824 484 1888 tralaticia
508 1827 615 1911 potius
637 1824 891 1912 significavimus
915 1846 952 1888 ea
972 1827 1076 1888 omnia
1095 1822 1193 1887 debet
1208 1824 1274 1887 No-

163 1940 229 1995 ster
251 1930 442 2015 Augustino.
481 1930 562 1995 Nam
585 1931 612 1992 is
635 1931 718 1993 inter
741 1928 801 1992 alia
824 1927 921 1992 multa
944 1927 1171 2013 suppeditavit,
1194 1948 1273 2013 quae

165 2037 326 2120 congessit
348 2034 487 2098 Orosius
517 2032 558 2097 de
579 2033 654 2097 Deo
680 2054 762 2111 uno,
791 2043 918 2097 rectore
942 2034 1095 2110 omnium,
1125 2031 1273 2117 idemque

163 2139 338 2225 suggessit,
367 2158 448 2222 quae
476 2157 568 2202 veras
597 2139 742 2201 miseriae
767 2139 816 2201 sui
845 2139 997 2223 temporis
1027 2156 1137 2199 causas
1168 2134 1274 2199 adum-

162 2241 267 2307 bravit
295 2242 429 2320 Noster,
461 2262 522 2305 nec
551 2242 652 2306 minus
683 2240 800 2306 obtulit
828 2240 913 2305 idern
942 2241 1128 2325 opinionem
1159 2238 1201 2304 de
1231 2240 1274 2303 le-

162 2345 282 2410 licitatc
305 2366 381 2409 suae
404 2347 529 2421 aetatis,
558 2345 662 2429 posita
685 2347 718 2408 in
742 2346 860 2409 orbem·
875 2343 1087 2431 amplectente
1110 2345 1273 2408 Romano-

164 2448 345 2516 Christiana
368 2450 503 2526 civitate,
530 2469 567 2511 ex
591 2471 652 2532 qua
675 2452 807 2535 patriam
829 2448 948 2535 ubique
971 2451 1104 2535 agnovit
1126 2448 1273 2526 Orosius,

164 2576 260 2639 quum
283 2575 358 2618 vera
382 2554 514 2617 omnino
536 2573 604 2617 non
627 2555 667 2617 sit
689 2555 782 2618 huius
805 2562 918 2617 terrae.
934 2554 973 2632 ¹¹)
1019 2554 1077 2616 Est
1098 2551 1154 2615 illa
1177 2575 1274 2640 gene-

163 2657 238 2721 ralis
267 2656 426 2722 sentiendi
456 2666 488 2720 et
517 2656 670 2743 opinandi
697 2661 795 2734 ratio,
824 2679 917 2742 quam
940 2657 1137 2743 Augustinus
1160 2662 1274 2742 partim

163 2761 310 2826 traditam
332 2766 400 2848 ipse
423 2772 614 2847 susceperat,
637 2765 750 2847 partim
774 2770 982 2825 exornaverat
997 2770 1212 2847 evexeratque
1236 2761 1274 2825 ad

162 2866 336 2952 fastigium,
365 2867 564 2950 sequentium
592 2873 770 2951 temporum
799 2864 911 2952 regula
943 2869 1032 2950 quasi
1062 2874 1094 2930 et
1119 2887 1273 2931 summum

163 2968 354 3055 exemplum,
384 2966 557 3054 eademque
584 2969 742 3034 mentibus
765 2967 1020 3039 Christianorum
1044 2980 1120 3035 tunc
1143 2970 1274 3035 catholi-

164 3095 273 3138 corum
295 3074 400 3137 inusta
423 3081 500 3161 erat.
695 3071 697 3076 ’

250 3178 381 3241 Praeter
401 3178 482 3241 hane
496 3177 707 3241 universalem
722 3180 830 3264 magis,
853 3180 980 3242 minime
995 3198 1075 3242 vero
1092 3176 1273 3264 ambiguam

163 3280 332 3367 Augustini
356 3283 525 3366 operisque
549 3283 616 3344 eius
638 3283 672 3344 in
687 3280 840 3345 Orosium
859 3285 930 3360 vim,
954 3281 1046 3345 aliam
1063 3303 1193 3368 quoque
1210 3305 1273 3348 cer-

235 3454 285 3522 11)
308 3452 342 3522 V,
354 3458 379 3510 2.
399 3486 433 3496 -
457 3453 554 3528 Qualia
572 3475 614 3531 ap.
629 3451 823 3511 Tertullianum
843 3457 940 3512 iamet
959 3454 1036 3526 alios
1059 3455 1129 3534 apud
1147 3456 1272 3532 Augusti·

161 3559 225 3595 num
244 3549 270 3594 ct
288 3539 437 3618 discipulos
457 3543 515 3596 eius
534 3539 568 3596 ad
587 3540 720 3614 fastigium
739 3545 815 3617 qnasi
835 3542 916 3610 elata,
935 3564 966 3598 ea
985 3553 1061 3612 sunt,
1080 3564 1149 3620 quae
1168 3543 1272 3599 theore-

160 3626 215 3681 tice
237 3628 319 3701 magis
342 3628 371 3681 in
388 3625 517 3681 Nostrum
541 3628 682 3681 transiisse
701 3646 783 3704 supra
801 3632 1081 3696 commemoravimus,
1105 3650 1189 3705 quum
1208 3629 1271 3686 alias

161 3731 211 3766 nec
228 3713 342 3788 patriam
359 3721 492 3768 terrenam
510 3722 590 3787 neget
608 3710 737 3781 Orhsius,
761 3735 811 3770 nee
832 3714 866 3770 de
883 3714 989 3792 perdita
1008 3727 1062 3772 tam
1079 3714 1159 3771 facile
1178 3735 1271 3772 consc-

160 3795 232 3853 latus
251 3818 281 3854 se
299 3817 361 3854 esse
379 3797 508 3855 videatur.
549 3798 593 3854 Ah
613 3798 697 3855 altera
714 3820 780 3857 vero
799 3810 888 3877 parte,
912 3821 1054 3878 quousque
1072 3801 1209 3859 inentibus
1228 3801 1270 3858 ho·

160 3885 260 3940 minum
282 3883 446 3940 inhaeserint
467 3883 533 3940 haec
556 3885 720 3962 reipublicae
743 3887 890 3943 servandae
912 3887 1129 3955 damnosissima,
1154 3897 1182 3944 et
1206 3907 1269 3964 quae

160 3989 209 4047 per
227 3967 384 4045 religionem
402 3970 506 4026 demum
525 3969 705 4028 Christianam
724 3973 821 4029 tradita
840 3983 931 4041 erant,
951 3976 1048 4029 iustam
1066 3993 1131 4029 sane
1150 3976 1269 4031 crimina·

160 4057 263 4111 tionum
282 4065 309 4110 et
328 4057 534 4133 opprobriorum
551 4078 658 4113 cansam
675 4059 864 4136 praebuissent
882 4061 1000 4137 paganis,
1020 4051 1171 4136 siquidem
1190 4061 1268 4117 vidis·

160 4150 230 4207 sent,
251 4161 301 4197 nec
320 4143 371 4218 ipsi
391 4155 502 4221 propter
520 4146 642 4200 inertiam
662 4154 688 4200 et
706 4144 843 4201 lasciviam
860 4148 919 4222 pari
938 4145 1053 4202 subiecti
1072 4157 1164 4203 essent
1183 4166 1268 4225 repre·

160 4225 290 4282 hensioni.
