2640 4764
557 224 620 290 117

104 394 152 465 lv,
167 398 288 454 14-19.
313 418 339 474 p.
358 399 530 455 252-269.ε
555 398 684 456 Bellum
703 399 860 456 Punicum
879 401 1066 460 secundum.

106 483 155 552 [ln
179 504 232 558 quo
255 487 368 540 maxime
384 483 457 541 Livii
474 488 597 562 vestigia,
620 488 721 564 possim
744 488 859 543 contrita
877 507 937 543 cum
955 487 1080 566 Eutropii
1098 489 1145 543 im·

29 571 130 648 primis
148 569 368 639 narrationibus]

104 654 152 722 IV,
167 659 208 711 lt.
234 659 451 732 putrescet:
475 657 618 713 Annibal
644 657 791 734 Saguntum
814 657 893 714 delet.
919 679 972 716 sec.
992 657 1144 728 Lia‘xxt,

31 745 57 797 5.
70 742 201 810 6-15.,
223 740 325 816 legatos
344 741 487 798 Romanor.
506 764 560 799 non
580 744 703 802 admittit.
729 767 744 801 e
762 746 821 802 Liv.
840 743 913 810 XXI,
927 748 952 800 9.
969 744 1144 802 fidelissimus

31 829 60 883 in
82 826 249 883 hereditario
272 829 384 903 iureque
406 828 518 884 iurando
542 831 699 887 confirmato
722 832 814 900 (XXI,
833 833 870 901 1.)
893 831 1006 887 Romani
1029 833 1145 887 nominis

34 910 115 982 odie,
139 912 205 969 alias
230 912 433 970 infidelissimus
452 914 543 984 (XXI,
561 918 618 972 tin
630 917 709 987 line).
746 916 775 974 P.
790 917 872 975 Corn.
886 916 974 994 Seip,
994 916 1026 973 T.
1040 916 1144 997 Sempr.

32 999 129 1076 Longo
149 1020 219 1057 coss.
238 999 391 1076 Pyrenaeos
409 1010 593 1076 transgressus
613 1002 689 1071 (biv.
707 1003 781 1072 XXI,
798 1003 873 1073 21),
894 1023 944 1082 per
962 1002 1144 1060 ferocissimas

33 1085 138 1143 Gallor.
152 1096 245 1161 gentes
265 1086 355 1155 (XXI,
368 1087 433 1156 28),
453 1088 567 1156 nono*)
587 1087 631 1143 die
649 1088 813 1164 aPyreaaeo
832 1090 866 1146 ud
877 1088 963 1167 Alpes
975 1091 1050 1144 venit
1068 1087 1144 1159 (Lir.

32 1170 51 1228 l.
64 1170 82 1227 l.
102 1174 196 1240 35.i),
225 1172 320 1229 Gallus
343 1173 496 1228 obnitentes
519 1184 630 1251 superat
652 1175 687 1247 (l.
701 1175 718 1231 l.
737 1181 772 1232 32
784 1179 873 1253 sqq),
898 1175 1039 1243 invias**)
1062 1195 1143 1252 rupes

32 1258 166 1314 rescindit
184 1257 246 1328 (ll.
259 1260 325 1329 37),
344 1261 439 1335 quinto
451 1260 499 1329 (i)
518 1258 623 1316 demum
640 1260 685 1317 die
702 1261 735 1317 ad
753 1262 832 1339 plana
843 1263 969 1341 pervenit
987 1260 1021 1331 (l.
1032 1259 1049 1314 l.
1060 1263 1125 1328 38.).

104 1345 139 1415 *l
164 1344 246 1419 Quod
267 1347 314 1401 vix
339 1344 480 1401 credibile:
504 1367 556 1402 sec.
576 1345 634 1402 Liv.
652 1346 727 1414 XXI,
750 1353 781 1402 15
800 1359 827 1405 et
844 1351 887 1405 38.
907 1349 1000 1424 quinto
1019 1365 1144 1402 menses

34 1431 197 1508 Cartbagine
220 1450 289 1486 nove
312 1432 339 1485 in
362 1430 465 1487 ltaliam
487 1443 645 1510 perventum
668 1443 718 1490 est.
762 1434 817 1490 lter
840 1455 854 1488 a
879 1433 1041 1508 Cartbagine
1060 1451 1085 1486 n.
1110 1430 1143 1487 ad

34 1517 139 1573 lberum
164 1527 191 1573 et
212 1515 366 1591 Pyrenaeos
389 1516 514 1573 celeriter
536 1521 602 1574 satis
626 1519 775 1575 conlectum
799 1518 873 1589 (Liv.
891 1518 971 1587 XXI,
990 1515 1142 1586 12-24.)

34 1624 85 1681 per
98 1603 184 1680 Alpes
198 1603 393 1679 ¹quindecim
411 1604 507 1660 diebus
527 1604 561 1672 (l.
575 1604 594 1660 l.
607 1606 665 1676 38.)
683 1608 818 1662 exercitus
838 1605 934 1661 ductus
954 1614 1008 1671 est3
1027 1603 1143 1680 ideoque

33 1700 110 1767 patet
127 1689 207 1765 longe
224 1691 308 1746 mains
326 1693 456 1767 temporis
475 1693 600 1769 spatium,
619 1713 697 1768 quam
715 1712 811 1748 novem
830 1702 932 1748 tantum
947 1690 1006 1747 dies
1018 1710 1068 1768 per
1082 1688 1143 1745 Gal-

33 1775 83 1832 lias
103 1778 156 1833 iter
173 1778 363 1833 consumsisse.
399 1776 437 1833 At
454 1777 511 1833 Lir.
528 1778 603 1846 XXI,
616 1783 659 1836 35.
679 1779 780 1848 „Nono
800 1778 845 1834 die
862 1781 889 1834 in
909 1781 1015 1853 iugum
1032 1775 1143 1854 Alpium

33 1871 191 1939 perventum
210 1866 284 1930 est“,
308 1863 333 1918 h.
352 1885 372 1919 e.
398 1864 430 1919 ab
450 1884 481 1919 eo
500 1864 563 1920 inde
581 1865 637 1934 die,
662 1887 715 1940 quo
740 1867 854 1941 ingressi
872 1873 936 1920 sunt
954 1883 1007 1918 eas.
1043 1862 1143 1938 Liquet

33 1947 164 2006 Nostrum
181 1949 310 2004 mendosa
328 1970 374 2005 sua
394 1971 427 2006 ex
445 1950 500 2007 illis
518 1951 590 2007 Livii
608 1954 699 2009 verbis
719 1954 865 2008 oscitanter
883 1950 1004 2005 finxisse.

104 2035 152 2105 11)
176 2033 238 2091 Non
257 2033 360 2103 dubito,
381 2038 445 2112 quin
463 2058 517 2093 sec.
536 2037 594 2093 Liv.
614 2038 688 2105 XXI,
706 2042 741 2094 37
755 2047 782 2093 et
794 2039 836 2092 38.
854 2036 921 2092 baec
939 2037 966 2091 in
985 2034 1087 2091 Nostro
1106 2037 1141 2090 ita

33 2121 145 2199 legenda
164 2131 191 2177 et
208 2123 418 2198 interpungenda
436 2126 493 2179 sint
510 2133 615 2200 „atque
632 2126 718 2180 invius
737 2143 818 2200 rupes
836 2124 891 2198 igni
906 2121 1030 2199 ferroque
1043 2123 1143 2178 rescin-

34 2208 75 2265 dit
93 2206 263 2279 quatriduum
282 2220 474 2276 commoratus;
493 2213 610 2286 quinto
629 2209 758 2265 decimo
778 2208 821 2264 die
840 2229 862 2264 c.
876 2230 909 2264 m.
922 2208 940 2265 l.
954 2229 976 2265 a.
989 2229 1015 2285 p.
1028 2210 1079 2286 p.“

104 2293 213 2350 Numer.
226 2295 324 2370 copiar.
337 2294 478 2352 Annibalis
497 2316 550 2352 sec.
563 2295 621 2353 Liv.
634 2295 709 2362 XXI,
721 2298 763 2350 38.
777 2328 811 2338 -
825 2316 851 2373 ρ,
861 2299 935 2352 253.ι
955 2294 1048 2371 Scipio
1067 2314 1140 2350 cons.

34 2378 68 2437 ad
86 2379 211 2436 Ticinum
229 2391 370 2457 superatus
390 2392 417 2437 et
434 2381 597 2438 vulneratus.
621 2402 673 2437 see.
693 2380 751 2436 Liv.
770 2381 789 2437 l.
802 2379 821 2437 l.
839 2384 875 2436 39
889 2400 948 2458 sqq.
961 2385 1043 2435 -15
1055 2382 1140 2436 etto.

35 2467 146 2536 [insunt
163 2465 244 2522 verba
263 2467 392 2542 quaedam
410 2467 649 2537 Florill,6310.]
671 2501 702 2511 -
723 2466 781 2522 eod.
801 2487 875 2523 cons.
894 2467 927 2523 sd
945 2462 1071 2524 Trebiam
1090 2466 1143 2522 cla·

34 2552 91 2610 des.
117 2552 257 2630 Sempron.
270 2553 339 2609 alter
351 2574 423 2610 cons.
437 2553 501 2609 ibid.
515 2557 611 2610 vietus.
634 2552 751 2608 Annibal
764 2555 907 2610 sauciatus.
935 2553 995 2622 [De
1008 2552 1050 2608 his
1064 2568 1146 2629 quam·

33 2638 262 2715 negligentissime
278 2640 337 2696 Liv.
356 2640 431 2707 XXI,
444 2645 474 2695 51
490 2673 513 2684 -
524 2644 567 2696 57.
587 2642 721 2717 excerpsit
739 2638 865 2695 Orosius.
895 2637 1023 2693 Fortasse
1042 2658 1075 2693 ex
1092 2637 1141 2694 illo

34 2727 157 2803 equestri
173 2725 277 2803 proelio
296 2746 382 2804 prope
394 2727 556 2783 Placentiam
574 2747 628 2802 quo
641 2724 758 2782 Annibal
772 2727 904 2781 sauciatus
918 2732 960 2778 est
977 2723 1054 2794 (Liv.
1066 2722 1140 2793 XXI,

33 2814 94 2881 57.)
118 2811 227 2869 alteram
251 2811 285 2867 ad
303 2812 428 2868 Trebiam
447 2813 510 2869 lecit
528 2832 656 2890 pugnam,
679 2833 760 2888 quum
779 2832 830 2868 nna
848 2819 951 2866 tantum
970 2807 1050 2864 duob.
1071 2829 1140 2866 coss.

33 2909 150 2978 pugnata
173 2901 222 2964 sit3
247 2897 302 2965 vel,
328 2899 400 2975 quod
423 2901 502 2955 etiam
524 2899 711 2967 verisimilius,
736 2918 854 2955 errorem
877 2897 1011 2952 commisit
1033 2894 1141 2963 Noster,

34 2985 110 3063 quod
126 2985 258 3061 Eutropio
276 2984 321 3051 III,
340 2988 366 3042 4.
378 2988 422 3057 ⁹²)
441 2989 515 3043 iuxta
533 2984 639 3041 Livium
658 3006 723 3042 usus
743 2996 798 3054 est,
821 3005 899 3062 quem
918 2984 982 3058 quin
1001 2981 1096 3057 legerit
1115 2991 1142 3037 et

34 3081 146 3129 secutus
169 3074 206 3126 sit
224 3071 353 3140 Orosius,
376 3093 409 3128 ex
433 3071 531 3128 omnib.
550 3072 609 3126 aliis
627 3070 741 3145 singulis
761 3070 877 3127 dubitari
895 3070 1010 3144 nequit]
1031 3100 1063 3109 -
1088 3068 1141 3123 An·

33 3157 109 3216 nibal
127 3160 155 3214 in
167 3158 310 3234 Apennino
328 3167 488 3236 tempestate
505 3166 660 3232 correptus:
678 3155 736 3211 Liv.
756 3156 838 3211 habes
857 3154 932 3221 XXI,
952 3155 993 3208 58.
1010 3186 1045 3195 -
1063 3153 1141 3209 Alter

34 3246 129 3322 Scipio
152 3243 289 3320 blagonem
312 3245 501 3311 (Annonem
521 3242 692 3299 scribendum
709 3242 782 3312 crat)
807 3243 834 3296 in
857 3239 986 3322 Hispania
1008 3240 1092 3296 vincit
1114 3248 1142 3295 ct

34 3334 115 3412 capit.
139 3351 191 3386 sec.
210 3329 269 3386 Liv.
288 3330 367 3399 XXI,
386 3334 427 3385 60.

105 3416 152 3486 IV,
168 3421 208 3472 15.
230 3439 256 3495 ρ.
267 3420 320 3472 251
332 3426 360 3472 et
372 3421 445 3472 255.:
468 3415 592 3492 ProdIgia
612 3414 739 3472 nonnulla
758 3435 817 3471 cum
836 3417 905 3492 ipsis
922 3414 994 3470 Livii
1010 3413 1098 3483 ΧΧ11,
1117 3417 1140 3470 l.

33 3504 135 3563 verbis.
164 3502 282 3559 Annibal
300 3512 392 3559 eontra
411 3501 568 3558 Flaminium
587 3523 661 3559 cons.
681 3511 803 3569 coortus,
822 3503 918 3556 itinere
936 3500 1141 3577 impeditissimo

34 3590 143 3649 oculum
161 3590 272 3646 alterum
290 3591 395 3646 amittit.
417 3609 432 3643 e
450 3589 509 3644 Lir.
524 3588 612 3657 ΧΧ11,
631 3593 663 3646 2.
683 3588 780 3657 (verba
799 3586 866 3642 odeo
884 3588 992 3663 ipsius.)
1023 3585 1142 3654 [Arnum

35 3689 62 3736 et
80 3675 325 3734 sursumseundem
344 3678 448 3754 putavit
465 3674 578 3740 Noster,
600 3672 717 3749 indeque
733 3672 840 3749 Virgilii
858 3672 1055 3729 hemistichium
1073 3671 1142 3728 male

33 3764 153 3844 posuit]
174 3797 205 3807 —
229 3783 254 3839 p.
264 3766 338 3818 255.:
362 3761 520 3818 Flaminium
544 3760 578 3815 ad
599 3758 698 3815 bellum
718 3762 817 3815 excitat
840 3780 892 3815 sec.
912 3758 971 3814 Liv.
990 3759 1009 3818 l.
1025 3759 1043 3816 l.
1063 3762 1087 3816 3.
1107 3791 1141 3802 -

34 3851 127 3927 Pugna
146 3849 180 3905 ad
194 3849 378 3905 Trasimenum
390 3850 477 3905 lacum
495 3869 549 3903 sec.
568 3847 585 3903 l.
596 3846 614 3902 l.
633 3849 658 3902 4.
672 3850 696 3900 5.
709 3848 734 3902 6.
748 3849 762 3900 7
776 3848 833 3901 init.
864 3845 919 3913 [At
933 3865 1072 3901 numerum
1085 3865 1142 3902 cae·

35 3958 90 3994 sur.
109 3935 253 3993 Romanor.
277 3935 372 4004 (XXV
391 3935 465 4004 mil.)
488 3933 589 3991 Noster
611 3952 644 3987 ex
661 3931 773 4006 Eutrop.
792 3931 842 3998 Ill,
858 3934 884 3986 l.
910 3933 1037 4009 sumpsit,
1061 3952 1142 4008 quum

36 4026 125 4103 aptior
143 4025 170 4078 ei
187 4021 333 4091 videretur,
352 4043 439 4100 neque
458 4043 492 4079 ex
510 4022 553 4088 iis,
573 4038 640 4095 quae
658 4016 717 4073 Liv.
737 4015 755 4073 l.
767 4015 786 4072 1.
806 4021 829 4073 7.
849 4017 926 4074 dixit.
943 4038 993 4095 pro
1006 4017 1069 4086 MD,
1088 4017 1142 4074 duo

36 4109 107 4166 milia
127 4111 155 4165 in
167 4107 310 4164 Annibalis
328 4111 384 4165 acie
401 4111 517 4186 periisse
535 4105 653 4164 scribere
667 4102 807 4159 dubitavit.
838 4101 978 4160 Praeterea
991 4104 1142 4179 ubieunque

37 4224 236 4234 ,η’-ο-

105 4283 160 4356 92)
179 4282 278 4341 Videas
298 4301 365 4360 quae
382 4282 435 4340 sub
451 4282 564 4361 Eutrop.
583 4280 633 4336 lrac
651 4277 686 4336 de
704 4299 734 4336 re
751 4279 925 4336 euotarimus.
