2640 4764
633 217 697 283 176

106 416 255 461 excursus
275 396 396 459 inserti.
409 394 436 475 ¹)
473 392 603 480 Ubique
625 405 731 461 autem
753 393 887 460 eandem
908 395 976 460 lere
999 404 1094 482 atque
1115 398 1148 461 in
1163 419 1212 461 re-

104 498 167 564 bus
188 503 222 563 in
244 497 318 564 stilo
341 501 550 562 intentionem
572 502 747 583 incertum
768 499 934 585 quemdam
949 500 1099 564 eflectum
1117 505 1213 565 anim·

105 601 262 667 advertas.
307 601 413 686 Quem
436 611 471 667 ut
493 614 706 688 consequatur
728 605 881 682 Orosius,
908 606 1004 668 variis
1026 608 1126 670 utitur
1148 627 1215 668 mo-

105 705 169 785 dis,
198 728 265 770 non
294 705 398 770 solum
429 705 559 791 eloquio
582 706 735 794 singulari
757 710 791 771 in
813 711 1009 786 universum,
1038 708 1095 774 sed
1120 714 1215 774 etiam

105 813 200 898 nugis
214 811 392 888 verborum,
415 813 586 888 axiomatis,
603 833 701 897 saepe
717 812 933 890 antithesibus,
949 812 1114 892 brevitate,
1130 836 1216 877 com-

104 915 323 1001 parationibus
346 917 462 1001 passim
486 915 751 994 extraordinariis,
777 918 959 1000 saepissime
981 916 1106 1002 triplici,
1130 917 1214 982 adeo

105 1019 304 1106 quadruplici
334 1019 516 1098 climace,²)
546 1022 596 1082 cui
625 1017 721 1104 plane
747 1017 939 1106 singularem
961 1021 1128 1106 quamdam
1151 1025 1214 1085 vim

105 1123 280 1189 attribuere
302 1121 437 1186 videtur.

104 1274 111 1284 .
192 1229 264 1292 Huc
287 1225 410 1290 accedit
431 1225 640 1312 scriptoribus
654 1227 776 1290 Nostro
800 1225 985 1312 aequalibus
1003 1231 1144 1314 propria,
1169 1239 1213 1293 at-

105 1352 167 1417 que
195 1330 236 1394 ad
263 1334 364 1394 instar
386 1331 556 1415 Augustini
582 1329 708 1416 prodita
732 1330 896 1396 doctrinae
920 1341 952 1395 et
974 1331 1137 1396 literarum
1161 1333 1214 1397 de-

103 1437 293 1501 monstratio
329 1433 483 1519 quaedam
516 1436 549 1496 in
579 1433 756 1522 allegandis
784 1445 817 1500 ct
845 1438 984 1500 sermoni
1012 1435 1213 1521 implicandis

104 1541 252 1618 aliorum,
281 1541 349 1602 sive
375 1549 543 1623 poetarum
565 1539 633 1601 sive
655 1542 845 1625 scriptorum
868 1541 1023 1602 orationis
1045 1538 1212 1624 pedestris,

103 1645 210 1721 verbis
239 1653 272 1707 ct
298 1641 544 1706 elocutionibus.
594 1644 705 1727 ltaque
733 1640 890 1706 nonnulla
913 1642 1083 1707 bibliorum
1108 1665 1213 1709 sacro-

103 1770 173 1814 rum
196 1758 229 1813 et
252 1745 401 1811 Tulliana¹
422 1766 536 1831 pauca,
564 1767 675 1810 versus
698 1745 881 1825 Claudiani,
896 1768 1085 1831 ¹versusque
1110 1758 1145 1811 et
1169 1747 1213 1811 di-

105 1856 243 1916 ctionem
265 1853 401 1929 Lucani,
429 1852 613 1935 praesertim
641 1859 746 1914 autem
768 1847 900 1938 Virgilii
922 1871 980 1935 per
1002 1860 1105 1915 totum
1129 1872 1212 1937 opus

105 1955 306 2021 offendimus.
1056 2008 1059 2013 .

193 2062 340 2148 Vestigia
374 2059 545 2123 bibliorum
580 2081 739 2124 sacrorum
769 2060 802 2122 in
831 2060 988 2143 scriptore
1017 2058 1212 2134 Christiano,

104 2164 206 2251 qualis
229 2166 382 2242 Orosius,
404 2167 530 2228 minime
552 2163 723 2242 mirabere,
744 2161 801 2227 sed
822 2165 932 2248 potius
954 2183 1021 2226 non
1044 2162 1139 2248 plura
1164 2185 1214 2227 ex-

104 2279 202 2344 stare;
239 2272 333 2333 cuius·
360 2272 408 2332 rei
438 2267 548 2331 eadem
577 2269 645 2332 fere
673 2277 722 2330 est
749 2289 843 2331 causa
873 2277 967 2351 atque
997 2288 1089 2351 quam
1120 2277 1213 2329 antea

105 2376 239 2437 omissae
262 2372 412 2436 historiae
435 2393 544 2434 sacrae
566 2371 735 2449 attulimus,
758 2393 852 2455 quum
875 2373 903 2433 si
920 2391 987 2434 non
1002 2379 1129 2433 caetera
1145 2370 1213 2432 iere

105 2479 225 2553 omnia,
254 2475 364 2539 saltem
394 2474 618 2561 apologeticus
646 2485 772 2538 scatens
794 2477 968 2559 scripturae
990 2495 1099 2538 sacrae
1123 2473 1212 2549 locis,

104 2584 272 2667 quominus
302 2601 442 2643 mancam
470 2580 562 2642 buius
586 2583 801 2666 cognitionem
826 2600 950 2642 causam
972 2577 1059 2642 illius
1081 2579 1129 2640 rei
1153 2587 1213 2640 sta·

105 2697 198 2771 tuas,
213 2684 373 2771 impediat.
426 2685 548 2746 Tamen
572 2683 716 2768 equidem
740 2705 806 2746 non
830 2685 890 2746 nisi
913 2682 993 2745 baec
1014 2682 1082 2745 fere
1107 2703 1145 2744 ex
1168 2681 1213 2744 bi·

104 2789 178 2863 bliis
201 2792 345 2874 inspersa
368 2790 488 2873 reperi:
511 2789 580 2865 18.
603 2812 635 2873 1).
648 2789 701 2852 50.
724 2787 812 2852 Paul.
833 2785 874 2849 ad
889 2789 983 2850 Rom.
1008 2787 1058 2863 13,
1076 2787 1121 2860 7.;
1157 2785 1212 2860 lv,

106 2891 426 2980 1.1).366.1)6111.1
451 2890 491 2954 ad
515 2890 661 2957 Corinth.
685 2894 713 2968 1,
728 2893 798 2966 27.;
833 2890 910 2955 ibid.
934 2911 1046 2976 evang.
1069 2889 1138 2953 lob.
1164 2890 1212 2966 10,

104 2999 174 3072 38.;
207 2999 265 3071 Vl,
280 2997 334 3058 22.
357 3018 388 3080 p.
401 2995 475 3058 419.
501 3017 548 3058 ev.
572 2995 648 3058 Luc.
667 2997 697 3074 2,
714 2996 765 3058 14.
789 2996 829 3074 (l
855 3004 929 3067 etc.;
952 2994 1023 3071 Vll,
1038 2995 1069 3057 3.
1092 3017 1125 3078 p.
1138 2994 1212 3056 457.

105 3124 154 3167 ev.
170 3101 283 3164 Matth.
306 3102 368 3177 2.);
401 3098 479 3162 ibid.
502 3122 533 3185 p.
546 3100 613 3182 453.
639 3120 685 3162 ev.
703 3098 814 3162 Matth.
838 3099 890 3177 24,
913 3099 1037 3173 6-9.;
1070 3097 1144 3174 Vll,
1160 3098 1211 3160 22.

102 3228 135 3292 p.
154 3208 229 3271 517.
259 3213 291 3266 et
317 3203 396 3280 VII,
411 3205 463 3267 26.
488 3228 519 3289 p.
535 3206 610 3268 531.
638 3205 756 3266 derem.
778 3204 813 3281 5,
834 3205 881 3276 3.;
918 3201 996 3279 VII,
1010 3202 1064 3266 27.
1087 3222 1120 3286 p.
1137 3202 1213 3265 532.

103 3308 193 3375 Paul.
217 3309 231 3372 1
254 3307 296 3371 ad
320 3305 466 3371 Corinth.
492 3310 542 3386 10,
566 3310 596 3371 6.
632 3304 696 3390 [61.
720 3328 789 3392 cap.
805 3309 836 3371 2.
860 3305 888 3390 ἓ.
906 3305 955 3391 6.]

175 3483 209 3552 l)
234 3482 322 3556 Quam
341 3483 441 3560 optime
454 3480 547 3536 Orosii
565 3479 645 3538 stilus
664 3501 698 3537 ex
716 3480 893 3559 apologetico,
912 3480 995 3555 magis
1014 3481 1094 3535 etiam
1113 3499 1127 3535 e
1144 3498 1213 3535 com·

104 3566 249 3629 monitorio
268 3566 382 3642 intelligi
400 3576 505 3645 potest3
529 3567 577 3622 sed
595 3565 705 3623 bilibri
723 3567 776 3623 buc
794 3587 847 3622 non
865 3568 1010 3645 pertinent.
1060 3564 1063 3569 ’

175 3657 209 3722 2)
231 3655 280 3710 Ex.
294 3674 331 3728 gr.
344 3674 371 3732 p.
382 3657 437 3711 ot:
457 3655 584 3722 ,‚terruit,
604 3652 745 3721 conclusit,
765 3653 904 3710 obsedit“.
934 3674 961 3731 p.
971 3655 1043 3708 163.=
1063 3651 1213 3728 ,‚inquirat,

104 3742 235 3809 inveniat,
256 3739 382 3818 prodat“.
414 3761 441 3817 p.
456 3742 530 3795 286.:
554 3739 754 3808 ‚‚contradixit,
774 3740 893 3808 obstitit,
911 3739 1103 3816 repugnavit“.
1133 3735 1213 3793 ibid:

105 3829 206 3896 „victis
221 3860 251 3870 -
267 3826 435 3883 abductis-
448 3825 566 3882 venditis
580 3857 613 3868 -
627 3826 790 3904 dispersis“.
831 3825 908 3882 ibid:
932 3824 1097 3893 „maluerint
1111 3856 1142 3868 -
1158 3825 1214 3901 opi·

104 3915 160 3969 nati
178 3916 233 3969 siut
252 3947 284 3958 -
303 3913 469 3970 iudicarint“
488 3922 540 3969 etc.
575 3934 601 3990 p.
612 3916 693 3983 llas
706 3911 840 3980 „divertit
857 3943 892 3954 -
910 3911 966 3968 adit
985 3945 1017 3956 -
1036 3908 1163 3989 pervadit
1180 3940 1212 3952 -

105 3998 228 4077 diripit“.
264 4022 290 4076 p.
305 4002 378 4056 544:
398 4002 552 4069 ,‚exercuit‚
572 4003 672 4073 exegit,
692 3997 850 4076 expendit“.
886 4018 912 4074 p.
925 4001 1000 4054 obl:
1019 3995 1161 4072 „adspicit
1180 4025 1211 4037 -

105 4085 192 4158 diligit
212 4119 243 4129 -·
263 4085 414 4142 delendit“.
450 4108 476 4164 p.
490 4088 564 4142 5586
588 4084 719 4154 ‚,clausit,
739 4086 824 4162 cepit,
843 4082 972 4141 occidit“.
1001 4081 1095 4138 eudem
1113 4103 1140 4159 p.
1151 4083 1212 4138 581.

104 4204 139 4214 -
157 4173 284 4250 (parua
306 4215 323 4240 ‚‚
331 4171 485 4242 edentibus,
504 4172 672 4240 bibentibus,
690 4169 945 4246 ludentibusque⁴‘.)
979 4190 1007 4246 p.
1017 4172 1092 4228 573.;
1116 4167 1213 4238 „obsi-

104 4257 164 4329 det,
180 4259 283 4329 turbat,
301 4261 457 4339 irrumpit“.
493 4282 520 4339 p.
530 4264 590 4317 587.
609 4258 687 4337 plura
705 4257 891 4315 huiuscemodi
909 4267 937 4314 et
954 4255 1027 4314 alibi.
