2640 4764
629 221 672 287 76

174 397 227 468 15)
250 397 330 454 Oros,
349 396 366 451 1.
380 396 398 452 Ι.
417 399 514 473 pasl.
538 396 641 464 „Auno
660 417 682 451 6.
695 416 720 451 6.
734 416 757 452 c.
770 398 825 452 606
847 395 864 450 i.
876 413 898 448 e.
917 412 988 449 auno
1008 396 1212 470 quinquage-

103 485 186 541 simo
204 494 269 561 post
286 483 386 539 bellum
400 482 529 539 Punicum
548 482 721 539 secundum.“
741 481 787 550 lv,
799 485 842 537 20.
861 480 967 536 finitum
985 483 1136 560 scripserat
1153 480 1212 537 6611

103 569 195 626 Punic,
214 590 267 625 sec.
287 591 308 625 a.
329 591 353 626 6.
373 573 438 638 oto,
462 568 533 625 unde
552 591 574 624 a.
594 590 619 624 6.
638 571 691 624 606
709 588 763 623 666
783 569 1030 643 quinquagesimus,
1054 567 1104 622 sed
1123 569 1212 644 potius

103 658 329 730 sexagesimus
350 656 486 732 (primus)
506 667 556 713 est.
594 656 722 725 (Rectius
741 663 836 730 postea
850 651 885 722 V,
901 656 933 707 12
951 663 1082 718 numerat,
1101 652 1211 709 661621

103 744 260 816 vigesimum
282 743 429 799 secundum
452 753 518 821 post
539 745 591 798 606
614 762 711 797 annum
728 737 868 808 nominat.)
910 737 1011 795 Verum
1035 760 1117 815 quam
1139 741 1213 816 parri

102 831 210 885 intersit
227 828 335 898 Nostri,
357 850 420 885 num
444 828 514 885 dicta
533 827 587 884 sibi
605 828 777 893 conveniant,
802 844 899 891 necne,
923 826 1001 880 etiam
1020 824 1088 880 baec
1106 824 1212 881 demon·

103 924 201 972 otram:
225 913 272 982 lV,
285 917 309 970 6.
329 935 354 992 p.
367 920 426 970 224.
446 915 635 988 Carthaginem
658 911 792 968 conditam
814 910 910 966 scribit
932 910 1035 967 LXXII
1059 931 1131 966 anuo
1154 921 1212 967 ante

103 1000 215 1057 Romam
235 1001 322 1067 6666,
344 1001 388 1057 liic
406 1011 494 1058 tamen
513 1000 627 1056 ricletam
645 998 718 1054 illam
735 999 813 1075 pouit
831 1018 852 1052 a.
873 1018 898 1053 u.
917 1000 969 1053 606
987 1007 1015 1052 et
1032 1018 1084 1074 per
1102 1001 1155 1054 100
1172 1018 1212 1052 au·

104 1108 155 1144 nos
173 1088 331 1143 constitisse
348 1107 406 1142 eam
424 1089 533 1155 asserit,
558 1087 679 1163 quamvis
699 1104 731 1140 cx
750 1083 796 1139 ilia
814 1085 919 1139 ratione
937 1103 991 1139 666
1009 1085 1064 1139 nisi
1082 1085 1137 1138 678
1155 1084 1212 1138 anni

104 1173 264 1230 redundent.
306 1171 362 1228 Sed
381 1175 427 1248 qui
444 1194 525 1251 supra
545 1173 676 1228 lustinum
695 1170 888 1246 descripserat,
909 1189 980 1226 nunc
998 1190 1032 1225 ex
1050 1169 1171 1225 Eusebio
1188 1179 1212 1225 et

104 1260 238 1336 Eutropio
257 1278 304 1314 sua
323 1257 421 1314 bausit.
459 1259 519 1326 (Cf.
539 1259 590 1315 sub
608 1256 836 1315 Euseb-Hieron.
855 1257 877 1326 §.
889 1253 1014 1333 praeced.
1032 1255 1068 1311 ad
1086 1254 1147 1322 Vll,
1159 1257 1196 1323 2.)

175 1346 227 1415 16)
251 1343 293 1401 Cf.
311 1344 424 1421 Eutrop.
444 1344 490 1414 lv,
510 1348 527 1400 9
546 1346 592 1401 fin.
612 1354 639 1399 ct
658 1348 692 1400 10
711 1346 781 1410 init,
806 1363 839 1398 ex
863 1361 916 1417 quo
939 1341 1004 1397 6666
1027 1340 1123 1397 Nostri
1147 1361 1211 1397 com·

104 1432 209 1510 putatio
228 1430 296 1486 sacta
315 1441 343 1486 ct
360 1433 461 1487 inserta
480 1451 542 1488 esse
559 1431 678 1499 videtur,
698 1431 818 1506 quamvis
837 1431 916 1484 etiam
936 1447 996 1484 cum
1013 1430 1062 1497 iis,
1082 1449 1152 1504 quae
1168 1426 1211 1494 IV,

104 1522 140 1574 23
158 1519 215 1574 init.
235 1516 311 1572 dedit
330 1517 454 1583 Orosius,
475 1520 630 1574 consentiat.

176 1605 227 1672 17)
250 1601 293 1660 Cb
315 1604 429 1682 Eutrop.
449 1602 483 1672 V,
501 1609 541 1662 2.ι
569 1606 593 1660 is
618 1605 688 1659 enim
712 1603 752 1659 ibi
773 1603 868 1675 (init.)
892 1601 1046 1681 descriptus
1071 1600 1211 1658 videtura

104 1687 214 1745 Nostro.

176 1774 228 1845 18)
251 1774 293 1832 cf.
313 1786 367 1831 not.
386 1778 429 1831 26.
448 1775 558 1831 Haverc.
580 1775 613 1831 ad
630 1776 656 1830 6.
675 1775 693 1831 l.
712 1776 810 1851 posu.

177 1865 227 1931 19)
250 1863 362 1939 Eutrop.
381 1862 452 1931 V,3
474 1865 531 1918 init.
555 1862 713 1939 descriptus.
737 1891 772 1901 —
797 1859 839 1917 Cf.
866 1861 946 1918 Oros.
964 1860 1055 1928 V1,1.
1079 1882 1106 1939 p.
1116 1862 1170 1916 369
1179 1881 1211 1925 6.;

108 1948 158 2017 Vi,
172 1953 196 2005 5.
216 1969 233 2026 p
251 1951 326 2014 382.;
353 1948 400 2016 vl,
414 1954 439 2006 6.
458 1970 484 2026 p.
494 1953 547 2006 383
570 1952 639 2018 (una
659 1970 680 2004 c.
699 1949 812 2026 Eutrop.
830 1947 881 2014 Vl,
896 1951 930 2002 10
943 1958 970 2002 et
983 1947 1053 2016 12).
1097 1945 1166 2003 Nom
1187 1949 1211 2001 in

104 2038 192 2118 primo
210 2034 261 2091 1.1.
279 2037 366 2091 varias
385 2039 548 2112 scriptorum
566 2036 600 2091 de
618 2038 705 2113 spatio
719 2034 785 2091 belli
797 2034 972 2091 Mithridatici
984 2036 1134 2090 sententias
1149 2054 1211 2089 com·

104 2130 234 2176 memorat
252 2119 383 2189 Orosius,
402 2121 483 2178 modo
502 2121 581 2178 XXX
600 2142 698 2190 annos,
717 2121 796 2176 modo
814 2119 864 2176 XL
883 2119 1067 2197 prodentium
1089 2120 1153 2176 dein
1171 2121 1210 2195 qui

104 2205 176 2263 hunc
194 2205 280 2276 (XL)
304 2227 441 2263 numerum
464 2206 544 2263 edere
567 2209 733 2285 potuissent,
752 2197 788 2263 'se
811 2228 865 2263 666
887 2205 1038 2280 intcliigere
1060 2209 1112 2275 ait,
1138 2227 1210 2283 quum

105 2293 207 2349 bellurn
225 2297 278 2350 662
301 2296 408 2361 initum,
435 2293 514 2349 Coss.
534 2293 591 2349 Cic.
612 2304 640 2348 et
657 2294 776 2349 Antonio
796 2294 865 2364 (689
884 2313 938 2348 sec.
957 2293 1089 2368 Eutrop.)
1111 2293 1210 2348 {initum

106 2388 192 2446 esset3
216 2378 331 2455 denique
354 2382 413 2456 ipsc
433 2378 505 2435 bello
525 2382 641 2458 spatium
660 2380 880 2456 quadraginta
898 2399 1026 2435 annorum
1044 2379 1143 2434 tribuit
1161 2379 1210 2434 obi·

107 2474 149 2521 ter
166 2466 209 2541 (p.
219 2465 305 2536 382.)!
336 2464 450 2532 Livium,
468 2467 637 2543 Eutropium,
657 2467 766 2523 florum
779 2476 807 2522 et
818 2467 996 2541 Augustinum
1015 2465 1048 2520 ad
1061 2486 1157 2521 manus
1172 2465 1210 2520 ba·

107 2552 174 2619 buit,
192 2572 279 2627 neque
298 2572 408 2628 usquam
427 2553 506 2630 plone
525 2553 724 2610 inconsiderate
742 2562 864 2609 versatus
884 2561 932 2607 est.
971 2552 1061 2625 Ouum
1080 2554 1152 2607 enim
1171 2572 1210 2607 nu·

105 2657 195 2693 meros
214 2657 277 2694 suos
297 2639 329 2694 ab
347 2639 479 2717 Eutropio
498 2651 632 2697 mutuatus
651 2643 697 2707 sit,
720 2650 747 2695 et
765 2640 822 2695 fere
838 2639 917 2694 XXX
935 2657 1064 2692 annorum
1083 2639 1210 2694 invenerit

105 2725 219 2794 beilum,
243 2728 401 2803 praesertim
424 2728 448 2782 si
471 2729 528 2782 veri
552 2728 609 2783 eius
633 2727 750 2782 triennio
772 2725 829 2780 fere
854 2725 952 2801 prioris
976 2725 1046 2778 initii
1065 2725 1210 2780 meminerit

107 2813 207 2890 (idque
225 2815 340 2870 scivisse
359 2832 426 2880 cum,
445 2821 560 2868 testatur
576 2810 611 2880 V,
625 2813 691 2881 19),
709 2832 773 2867 6666
791 2813 882 2866 mirari
901 2810 994 2865 debuit
1006 2810 1135 2886 Eutropii
1152 2808 1209 2882 (Vi,

71 2896 74 2901 ’
107 2903 141 2954 10
160 2902 188 2955 in
206 2897 266 2967 fin.)
283 2898 366 2953 verba
385 2907 496 2966 „contra
514 2896 650 2954 Romanos
667 2897 769 2954 bellum
785 2897 881 2953 babuit
899 2898 974 2952 aunis
992 2894 1073 2952 XL“.
1105 2897 1143 2952 At
1160 2896 1210 2951 ion·

105 2996 163 3053 tes,
183 3005 251 3061 quos
270 2993 395 3051 secutus,
416 2985 457 3038 sic
475 2983 580 3052 dixere,
605 2995 632 3040 et
651 2987 746 3040 critico
766 2985 791 3039 ci
809 2985 917 3039 minime
935 2983 1064 3038 acerrimo
1085 2982 1210 3039 contradi·

107 3073 192 3127 centia
212 3071 264 3126 sibi
283 3069 503 3126 animadvertisse
521 3079 563 3126 sat
581 3080 645 3126 erat.
686 3070 826 3127 Praeterea
845 3090 870 3147 p.
881 3072 941 3125 382.
961 3070 1118 3125 maximus
1138 3071 1209 3125 etiam

106 3158 262 3235 aptissimus
281 3158 306 3214 ci
325 3167 382 3213 erat
400 3177 533 3214 numerus.

176 3243 229 3312 20)
251 3244 292 3300 Ex
310 3244 423 3320 Eutrop.
442 3241 489 3310 vl,
504 3247 545 3298 12.
565 3242 694 3320 descript.
713 3242 745 3298 cf.
765 3252 821 3300 not.
839 3243 921 3320 prior.

176 3332 228 3395 21)
251 3330 293 3384 Ex
311 3328 370 3384 eod.
389 3327 439 3395 Vi,
460 3330 500 3383 14.

122 3405 129 3412 ’
176 3415 228 3486 aa)
252 3415 294 3472 nx
312 3414 370 3471 eod.
390 3413 441 3481 vl,
462 3418 503 3470 15.

177 3501 231 3571 23)
254 3500 297 3558 Cf.
318 3501 446 3557 Orosium
466 3498 524 3568 Vll,
536 3505 560 3554 2.
581 3522 606 3577 p.
617 3503 677 3558 455.
698 3513 724 3559 et
742 3502 790 3559 161.
810 3501 877 3557 Obs.
897 3505 989 3557 6125.

176 3589 228 3655 24)
253 3587 373 3662 Scaliger
397 3586 432 3641 de
455 3585 584 3642 emendat.
604 3597 714 3666 tempor.
734 3589 751 3645 1.
770 3588 796 3646 V
814 3588 872 3659 (ed.
894 3586 992 3643 Geucv.
1013 3587 1100 3654 1629)
1126 3587 1210 3665 p.38}

108 3675 202 3743 „Sanc
219 3672 248 3729 P.
268 3673 383 3729 Orosius
403 3672 510 3728 caedem
530 3671 655 3730 Caesaris
679 3674 783 3731 confert
806 3676 834 3730 in
853 3697 875 3730 6.
889 3696 914 3731 u.
928 3676 987 3729 710.
1019 3671 1127 3729 videtur
1145 3673 1211 3729 κατὰ

108 3761 236 3836 πρόληψιν
255 3761 291 3814 ita
310 3779 406 3814 vocare
424 3779 534 3826 annum,
554 3761 600 3836 qui
618 3760 736 3817 noudum
754 3763 878 3838 inceptus
898 3761 986 3816 crat.“

177 3843 230 3915 25)
254 3842 334 3901 Oros.
353 3844 400 3902 1.1.
420 3866 446 3923 p.
457 3847 516 3902 440.
539 3845 653 3913 „Oetam
673 3846 711 3903 16,
730 3846 808 3903 Jan.“
827 3856 877 3904 etc.
898 3867 951 3902 sec.
970 3843 1088 3901 Macrob.
1107 3844 1210 3901 Saturu.

107 3933 132 3999 1,
153 3953 175 3987 c.
192 3935 232 3987 12.
255 3951 347 3986 mense
371 3930 482 4000 Sextili,
505 3951 593 4007 neque
616 3933 759 3990 Decembri
785 3933 837 3989 boc
860 3932 965 3988 factum.
1014 3931 1057 3988 Cf.
1082 3932 1133 3987 sub
1156 3930 1211 3987 Lir.

107 4017 141 4073 ἃᾶ
159 4015 228 4171 biti)
253 4101 296 4160 Cf.
316 4101 396 4160 Oros.
416 4102 479 4172 Vll,
491 4108 515 4162 2.
534 4125 560 4181 p.
571 4106 631 4161 456.
