2640 4764
680 160 744 228 166

599 415 745 473 GAPVT
774 414 826 472 IV.

159 540 404 618 nnaanan
415 538 1266 616 ursromanvmnxranmaaruvrvs

201 653 819 841 svrnmomsovnppplrvrp
845 655 1020 746 arovn
1048 654 1235 729 oannis

248 956 421 1040 Hucusque
442 974 538 1018 veros
559 953 760 1016 historiarum
776 953 888 1017 Orosii
904 951 1019 1029 sontes,
1044 973 1216 1038 quousque
1228 956 1265 1016 in-

161 1063 311 1148 vestigari
333 1061 505 1144 potuerint,
528 1055 735 1121 indicavimus
759 1064 791 1120 et
813 1055 1113 1120 demonstravimus.
1153 1058 1218 1120 lam
1233 1077 1263 1120 eo

161 1187 268 1230 sumus
290 1165 462 1250 progressi,
490 1161 544 1226 ubi
567 1162 673 1224 fontes
696 1162 809 1224 Nostri
831 1181 899 1224 non
923 1159 1057 1246 amplius
1083 1159 1265 1239 declarandi,

161 1269 219 1334 ubi
243 1266 420 1343 exauditu,
444 1287 462 1329 a
484 1268 635 1328 memoria
657 1264 773 1342 retulit,
796 1287 834 1328 ac
856 1264 992 1328 fortasse
1017 1263 1102 1329 adeo
1125 1287 1174 1342 ea,
1197 1286 1265 1350 quae

162 1376 233 1459 ipse
254 1370 392 1448 viderat,
421 1372 569 1432 narravit.
615 1367 743 1453 Quodsi
765 1371 896 1454 respicis
919 1367 960 1431 ad
982 1369 1153 1447 ambitum,
1180 1391 1265 1455 parra

163 1496 250 1556 sane,
272 1475 324 1539 vel
346 1477 454 1562 potius
476 1476 601 1536 minima
625 1473 825 1538 historiarum
848 1494 929 1559 pars,
953 1472 1056 1536 tribus
1075 1476 1265 1558 potissimum

165 1603 202 1645 ex
225 1582 327 1643 causis
350 1582 476 1641 miuirne
499 1575 644 1664 indigna,
669 1597 750 1660 quae
774 1578 894 1640 etiarnsi
916 1575 1072 1653 breviter,
1097 1584 1207 1641 tamen
1227 1598 1266 1639 ac

165 1686 303 1748 curatius
327 1680 560 1745 consideretur:
583 1681 717 1766 primurn
741 1679 876 1765 quidem,
899 1682 1050 1764 quoniam
1072 1700 1187 1744 omnes
1205 1680 1267 1757 lere,

165 1790 219 1873 qui
245 1786 427 1852 iudicarunt
455 1782 495 1847 de
525 1805 624 1868 opere
648 1783 812 1849 Orosiano
832 1833 840 1862 ,
859 1786 926 1848 sive
954 1783 1046 1848 obliti
1077 1795 1156 1849 suut
1180 1787 1267 1870 partis

164 1891 265 1970 illius,
295 1893 363 1954 sive
390 1891 443 1950 vix
472 1887 576 1952 obiter
605 1909 673 1951 eam
700 1890 889 1975 tetigerunt;
919 1886 1037 1952 deinde
1069 1891 1221 1972 quoniam
1242 1892 1269 1952 in
1312 1874 1314 1891 Ι

165 2017 247 2060 nuce
271 1996 359 2080 quasi
381 1993 501 2056 Noster
524 1992 571 2054 his
594 1990 711 2055 ultimis
734 1993 767 2054 in
792 1991 946 2076 capitibus
970 2000 1058 2054 totus
1084 2003 1202 2069 exstat;
1225 1991 1269 2055 de-

166 2099 261 2183 nique
292 2096 441 2181 quoniam
471 2096 521 2158 lric
545 2095 666 2158 lontern
690 2094 839 2159 habemus
863 2095 1016 2159 Orosiom
1038 2097 1162 2181 ipsum,
1191 2096 1270 2160 ideo·

166 2223 228 2287 que
251 2202 478 2287 pretiosissima
500 2198 595 2262 nobis
618 2202 715 2262 totius
739 2202 846 2286 operis
869 2209 1024 2285 estpars.

254 2303 467 2389 Amplectitur
495 2323 532 2364 ea
556 2305 783 2389 quinquaginta
806 2302 905 2366 ferme
929 2324 1047 2380 annos,
1076 2325 1095 2366 a
1121 2306 1271 2368 communi

167 2405 386 2470 Valentiniani
410 2415 443 2469 et
459 2403 606 2467 Valentis
629 2427 730 2492 regno
754 2427 855 2490 usque
878 2405 919 2470 ad
942 2407 1054 2471 Orosii
1077 2409 1182 2492 ipsius
1205 2408 1271 2485 dies,

167 2509 320 2595 siquidem
356 2531 423 2595 cap.
445 2510 488 2572 32
512 2517 544 2571 et
566 2511 618 2572 33.
649 2513 920 2589 annumeraveris,
955 2531 1035 2595 quac
1067 2511 1199 2595 quidem
1226 2517 1273 2593 (ut

168 2636 263 2700 supra
293 2614 350 2678 sub
381 2612 656 2678 Euscb.-Hier0n.
684 2617 746 2677 iarn
776 2613 930 2695 vidimus)
963 2616 1130 2679 maximam
1161 2628 1273 2704 partem

168 2718 209 2782 ab
232 2719 433 2804 Hieronymo
464 2716 682 2803 suppeditata,
710 2716 768 2781 sed
797 2727 901 2781 tamen
930 2721 1018 2781 varia
1042 2721 1139 2783 etiam
1162 2723 1273 2808 ignotis

169 2844 207 2886 cx
237 2820 379 2885 fontibus
410 2817 544 2883 admixta
575 2825 745 2883 contineat.
797 2822 843 2883 Ex
867 2819 946 2883 alius
970 2826 1157 2888 narratione
1181 2829 1274 2889 miuus

168 2923 377 3010 pendentem,
406 2945 509 3008 prope
536 2923 639 2986 solum
662 2923 869 2988 observamus
892 2924 1045 2989 Orosiom
1069 2927 1149 2993 inde
1173 2953 1191 2994 a
1215 2953 1274 3017 cap.

169 3029 213 3092 34
237 3036 268 3090 et
290 3049 372 3110 sqq,
402 3026 516 3110 quibus
540 3026 718 3090 Theodosii
740 3030 847 3115 magni
872 3037 905 3091 et
927 3027 1067 3093 filiorum
1092 3034 1163 3098 eius
1187 3035 1228 3099 ad
1248 3033 1277 3098 id

170 3151 270 3216 usque
293 3139 426 3215 tempus,
449 3150 513 3214 quo
538 3130 677 3194 confecit
691 3133 811 3196 Noster
835 3153 915 3217 opus
934 3155 1034 3213 suum,
1057 3136 1194 3202 historia
1211 3160 1277 3203 con-

171 3236 303 3311 tinetur,
332 3236 458 3297 minime
488 3233 542 3297 illa
565 3256 642 3298 vero
666 3234 929 3322 locupletissima,
959 3236 1017 3301 sed
1040 3243 1168 3306 etiamsi
1193 3243 1279 3309 dillu-

171 3339 238 3401 sior
265 3339 299 3400 in
327 3335 476 3422 siugulis,
504 3360 566 3402 nec
591 3337 698 3402 studio
722 3339 859 3424 quodam
883 3363 1009 3420 carens,
1038 3345 1072 3407 in
1097 3350 1278 3414 universum

171 3451 277 3504 tamen
299 3439 413 3518 brevis,
435 3462 647 3527 summamque
663 3452 785 3507 tantum
802 3466 907 3508 rerum
922 3445 1061 3527 tradens,
1083 3454 1208 3538 quippe
1223 3475 1278 3517 ma-

170 3546 282 3609 ximam
305 3565 382 3607 sane
404 3556 524 3630 partem
547 3567 599 3610 res
621 3557 754 3633 propter
776 3550 950 3613 novitatem
973 3560 1067 3615 notas
1082 3574 1278 3643 supponens,

171 3651 297 3735 saepius
321 3657 424 3712 autern
448 3648 517 3712 aliis
540 3671 667 3735 quoque
692 3673 728 3715 ex
751 3655 863 3716 causis.

259 3750 321 3814 Per
349 3761 449 3815 totum
479 3774 557 3816 vcro
587 3754 699 3818 horum
729 3758 867 3841 capitum
895 3767 1078 3824 contextum
1109 3767 1280 3851 praecipue

90 3876 93 3882 ·
171 3854 231 3914 tria
255 3853 543 3919 animadvertimus:
566 3856 662 3921 fidem
685 3880 761 3923 vere
786 3859 985 3941 catholicam,
1010 3862 1193 3948 credulam,
1218 3869 1281 3932 abs·

172 3966 298 4033 trusam,
321 3967 386 4020 turn
410 3956 624 4023 adulationem
647 3961 760 4026 domus
775 3967 1008 4049 imperatoriae,
1030 3978 1201 4053 postremo
1219 3994 1281 4037 nar-

172 4060 328 4123 rationem
351 4063 443 4124 unice
466 4060 565 4125 ferme
588 4064 629 4128 ad
651 4065 875 4147 Occidentem,
900 4080 931 4134 et
953 4093 1031 4156 prae
1058 4081 1200 4142 caeteris
1223 4078 1282 4163 qui-

172 4161 244 4228 dem
267 4161 308 4227 ad
330 4163 468 4230 Africam
491 4176 524 4231 et
546 4167 730 4254 Hispaniam
752 4173 982 4256 respicientem.
