2640 4764
637 192 680 257 90

104 366 139 432 ll.
154 365 197 446 ll.,
221 377 352 433 tamen
370 368 470 433 adeo
486 389 628 434 versus
644 372 730 433 eins
746 367 1065 456 singulipassim
1081 380 1206 456 aperte

106 470 278 536 elucent

193 576 286 660 Quae
309 575 445 661 denique
461 577 608 655 Orosius,
630 586 707 642 nota
731 579 840 664 magis,
862 580 981 642 utiam
1005 576 1135 657 dictum,
1156 599 1207 664 pu-

105 699 185 742 nens
216 700 266 759 ea,
297 679 337 744 de
359 679 488 746 Christo
511 681 585 746 lesu
613 680 682 747 aliis
704 685 738 746 in
761 681 841 745 loeis
865 680 983 758 adfert,
1014 701 1052 744 ex
1077 701 1206 770 evange

104 781 155 846 liis
182 793 303 868 sumpta
326 795 413 848 sunt:
443 788 487 848 ita
510 783 530 849 l.
544 787 600 848 VI.
624 788 715 850 c.22.
739 810 771 872 p.
784 787 857 850 449.
882 785 923 848 de
947 806 1046 849 censu
1068 784 1128 850 illo
1151 808 1205 850 ma-

104 889 196 964 ximo,
209 888 250 962 ²²)
274 908 310 951 ex
328 910 376 951 ev.
389 889 465 952 Luc.
478 891 508 967 2,
521 890 559 966 1.,
577 893 665 953 cuius
682 899 714 954 et
729 886 790 953 alia
805 887 920 952 ibidem
935 891 1088 976 vestigia3
1111 889 1204 954 l.v11.

106 1011 132 1052 c.
144 991 174 1054 3.
198 989 239 1054 de
262 990 360 1055 caede
383 1013 555 1077 puerorum
579 993 806 1071 Bethlemitica,
834 1013 872 1056 ex
895 1015 943 1056 ev.
960 991 1077 1056 Matth.
1092 994 1134 1073 2.,
1155 997 1204 1058 sio

105 1096 150 1158 uti
173 1094 314 1158 eiusdem
337 1097 409 1173 (at,
425 1099 550 1176 6-9.)
572 1119 683 1162 versus
705 1100 739 1160 in
761 1097 826 1161 fine
843 1097 955 1182 capitis
971 1105 1104 1161 exstant.
1143 1099 1205 1162 Nec

105 1196 229 1262 dubitet
257 1201 433 1284 qnisquam,
467 1203 543 1285 quin
572 1201 612 1265 de
640 1204 790 1287 passione
820 1199 939 1266 Christi
970 1201 1204 1288 evangeliorum

105 1304 316 1366 narrationem
340 1306 468 1367 noverit
490 1304 636 1384 Orosius,
659 1309 799 1390 quamvis
823 1326 904 1390 quae
926 1303 967 1367 «le
989 1304 1049 1367 hac
1073 1306 1165 1385 (Vll,
1179 1307 1203 1372 4.

104 1430 136 1492 p.
149 1407 237 1485 462.)
250 1406 292 1486 ’3)
319 1404 483 1494 leguntur,
514 1407 554 1472 ab
576 1409 945 1493 Eusebio-Hieronymo
974 1430 1052 1494 prae
1079 1413 1203 1474 caeteris

104 1520 263 1574 mutuatus
286 1513 399 1574 sit.-
430 1512 515 1575 Num
538 1524 642 1577 autem
666 1515 783 1592 Vll,.6
805 1515 924 1599 nmo
948 1511 1008 1593 (ad
1032 1536 1128 1599 quem
1149 1513 1202 1579 loc

105 1614 144 1677 cf.
167 1614 241 1679 infr.
263 1614 322 1679 sub
344 1616 487 1697 Rufino)
511 1615 551 1680 ad
574 1618 679 1682 Lucae
702 1628 760 1683 act
785 1617 931 1703 Apostol.
957 1620 1008 1696 ll,
1025 1619 1080 1681 28.
1105 1621 1203 1706 cogni-

104 1721 225 1782 tionem
247 1720 472 1783 recurrendum
493 1724 540 1798 sit,
564 1719 813 1785 addubitandum
835 1722 939 1786 valde.

220 1907 243 1977 §.
263 1911 287 1963 7.
328 1908 522 1979 (TROGVS
547 1908 760 1968 POMPEIVS
784 1909 855 1980 ET)
882 1907 1095 1969 lVSTINVS.

192 2028 379 2093 Laudantur
401 2030 440 2094 ab
462 2031 583 2096 Orosio
608 2032 738 2118 Trogus
755 2031 925 2114 Pompeius
948 2039 981 2093 et
1001 2031 1143 2095 lustinus
1164 2031 1204 2092 his

105 2131 199 2196 locis:
228 2133 253 2210 l,
268 2133 290 2195 8
307 2142 339 2196 et
355 2136 418 2214 10,
439 2135 496 2213 IV,
511 2138 532 2198 6
548 2135 604 2211 bis,
623 2134 694 2211 Vll,
709 2137 751 2199 27
770 2143 801 2197 et
815 2135 877 2211 34,
901 2136 1112 2198 coniuncti
1134 2155 1205 2198 sem

105 2258 171 2321 per,
193 2239 220 2299 si
244 2239 358 2301 eximas
380 2236 401 2300 l.
414 2238 485 2315 Vll,
507 2241 549 2303 27
568 2247 599 2302 et
613 2239 676 2315 34,
698 2236 752 2302 ubi
768 2238 938 2322 Pompeius
961 2234 1059 2314 solue,
1082 2237 1136 2302 vel
1155 2257 1206 2324 po·

105 2343 167 2403 tius
189 2361 252 2403 una
276 2363 345 2404 eum
362 2342 489 2416 Tacit0;
514 2362 647 2426 quorum
664 2365 759 2428 quum
776 2342 846 2419 Vll,
861 2344 914 2405 27.
937 2340 1009 2406 libri
1026 2342 1048 2420 l,
1072 2344 1093 2406 8
1112 2352 1145 2406 et
1161 2341 1204 2404 lo.

104 2445 259 2528 respiciat,
280 2466 390 2509 revera
415 2449 511 2510 unico
534 2456 654 2510 tantum
677 2445 752 2509 loco
767 2447 955 2530 Pompeium
976 2445 1081 2510 solum
1104 2443 1205 2510 lauda-

105 2558 170 2612 tum
193 2548 232 2611 ab
256 2550 377 2614 Orosio
401 2549 554 2614 contendi
575 2559 692 2636 potest.

191 2652 593 2741 Interrogandumautem,
615 2676 689 2718 num
708 2654 846 2719 Orosius
861 2666 1033 2738 ¹utrumque
1057 2653 1206 2725 habuerit,

104 2765 242 2843 utroque
264 2781 340 2823 usus
363 2762 411 2836 sit,
441 2778 483 2822 an
505 2761 535 2821 ei
558 2760 622 2822 sint
644 2757 750 2835 iidem,
771 2780 834 2822 una
858 2758 1032 2842 eademque
1054 2757 1206 2842 persona?

105 2862 234 2947 Trogus
256 2863 426 2947 Pompeius
450 2884 545 2947 quum
568 2871 744 2946 temporum
767 2848 880 2926 iniuria
903 2863 1067 2937 interierit,
1092 2871 1205 2925 certum

104 2963 252 3027 iudicium
281 2968 332 3027 vix
361 2964 435 3028 lerri
462 2968 589 3050 poterit.
643 2966 790 3029 Attamen
817 2987 885 3029 non
912 2962 1102 3041 omittenda,
1132 2983 1207 3049 quae

104 3087 164 3152 pro
192 3067 252 3130 hac
281 3068 333 3132 vel
355 3067 410 3132 illa
433 3071 587 3153 opinione
609 3067 779 3133 videantur
800 3068 973 3133 afferenda.
1026 3069 1207 3133 Occurrunt

106 3173 187 3236 enim
210 3174 243 3235 in
266 3183 416 3237 contextu
438 3194 552 3250 rerum,
574 3194 651 3257 quas
675 3172 828 3237 alostino
850 3182 1023 3237 mutuatum
1040 3193 1112 3236 esse
1129 3173 1207 3237 Oro-

104 3277 183 3339 sium
206 3278 281 3338 satis
303 3297 462 3361 superque
485 3286 618 3353 constat,
641 3276 805 3354 nonnulla,
829 3297 909 3362 quae
930 3276 1048 3340 frustra
1070 3275 1159 3361 apud
1175 3273 1207 3338 il-

175 3515 227 3587 72)
251 3517 339 3592 Quem
357 3529 449 3574 omnes
467 3519 574 3594 imperii
591 3520 745 3595 provincias
763 3518 966 3596 amplectentem
984 3516 1073 3575 Lucas
1092 3519 1141 3588 (et
1157 3537 1205 3574 see.

105 3623 165 3659 eum
176 3602 294 3672 Noster)
312 3603 473 3676 significavit
485 3623 603 3672 censum,
622 3625 680 3662 eum
698 3625 763 3661 non
776 3607 844 3661 nisi
861 3604 899 3662 de
912 3603 1029 3661 Iudaea
1042 3613 1133 3662 actum
1144 3603 1206 3662 indi-

105 3698 147 3745 cat
162 3688 311 3746 Eusebius!

104 3836 106 3840 .
175 3793 225 3859 73)
247 3790 386 3867 Evangelii
404 3792 443 3847 ibi
461 3811 513 3848 una
532 3813 591 3850 cum
610 3793 735 3850 Graecor.
755 3792 833 3849 libris
851 3795 976 3861 citantur,
999 3792 1048 3849 sed
1067 3793 1159 3849 verbis
1176 3809 1206 3853 ex

104 3877 223 3934 Eusebio
247 3877 399 3955 descriptis.
441 3876 497 3934 Ubi
516 3878 610 3935 Nostri
634 3878 841 3936 additamentum
865 3879 994 3935 observes
1012 3877 1109 3946 velim,
1133 3875 1206 3955 quale

105 3966 133 4021 in
150 3962 269 4021 Eusebio
293 3966 506 4042 exspectaveris,
529 3965 603 4041 quod
622 3967 647 4021 ei
665 3965 755 4034 deest,
778 3988 804 4044 p.
815 3968 875 4023 462.
900 3963 1018 4040 „Usque
1035 3964 1105 4021 adeo
1124 3975 1206 4021 autem

104 4069 192 4126 neque
213 4049 303 4106 lunam
325 4050 419 4108 lumini
441 4051 522 4120 solis,
545 4072 631 4129 neque
653 4052 739 4108 nubes
758 4051 898 4108 obstitisse
916 4049 1085 4108 manifestum
1103 4060 1160 4118 est,
1180 4058 1207 4105 ut

105 4135 233 4193 decimam
253 4146 373 4213 quartam
391 4138 483 4196 cadem
501 4138 545 4195 die
564 4137 666 4206 lunam,
690 4147 745 4192 tota
765 4136 834 4193 coeli
852 4139 959 4215 regione
976 4139 1132 4207 interiecta,
1154 4136 1206 4193 lon·

104 4223 213 4297 gissime
231 4245 246 4280 a
264 4234 411 4302 conspectu
429 4224 496 4283 solis
514 4224 632 4282 abfuisse
651 4234 678 4280 et
696 4223 812 4281 stellas“
832 4234 882 4282 eto.
902 4226 976 4281 utin
994 4224 1094 4282 Euseb.
