2640 4764
588 188 652 254 119

58 362 143 418 verba
156 369 221 418 sunt
234 359 358 438 Eutropii
375 360 421 430 III,
433 362 472 427 8.)
488 395 518 405 -
536 361 567 417 ln
580 361 700 440 Capuam
712 362 915 419 animadversio.
933 384 986 420 sec.
999 362 1057 420 Liv.
1071 364 1171 434 XXVI,

57 452 150 524 dsqq.
172 449 294 504 12-16.
313 449 474 524 (praecipuo
493 468 515 504 c.
527 448 602 505 verb.
616 448 672 505 lere
686 448 839 527 epitomes.)
859 483 891 493 -
912 448 1004 526 Scipio
1023 449 1171 520 (African.)

58 534 221 591 adolescens
239 553 270 588 se
289 532 384 589 obiert.
402 553 456 589 sec.
475 532 532 590 Liv.
550 533 650 603 XXVI,
670 537 711 592 ls.
730 564 762 576 -
783 536 887 592 Aerarii
905 537 1026 613 penuria,
1046 536 1171 593 (1111101-

59 619 131 678 cello
157 628 184 674 et
203 617 235 675 V.
255 618 373 675 Laevino
396 639 481 687 coss,
503 620 651 678 sublevata.
674 641 689 678 e
712 620 770 678 Liv.
789 621 896 690 XXVI,
912 625 955 678 3⁵.
972 625 1016 679 36.
1036 624 1170 680 eumelus

58 707 119 763 scre
136 705 227 761 verbis
245 707 321 782 ipsis.

131 790 188 859 IV„
203 793 244 847 18.
263 795 471 868 puts-2674
495 791 620 870 (Scipio,
639 795 732 871 imper.
750 791 944 871 proconsulare
968 791 1051 862 (Liv.
1070 792 1169 862 XXVI,

58 879 121 946 18.)
147 879 273 946 sortitus,
301 881 330 934 in
351 877 508 955 Hispaniam
530 881 643 947 missus,
667 879 857 955 Carthaginem
881 898 942 934 nov.
968 889 1109 956 expugnat.
1134 900 1167 936 ex

57 966 172 1040 Eutrop.
191 963 237 1032 Ill,
255 964 298 1035 9.)
327 963 399 1034 [Ubi
417 965 497 1021 verba
519 965 672 1033 „ultionem
691 1001 722 1010 -—
742 965 907 1022 intendens“
926 963 998 1020 Flor.
1017 965 1053 1033 II,
1073 969 1105 1032 6;
1123 969 1168 1022 37.

58 1053 175 1129 sapiunt.
204 1060 341 1127 praeterea
364 1071 429 1106 vero
452 1051 618 1127 negligenter
641 1051 707 1108 falsa
728 1051 794 1108 haec
815 1050 1003 1126 „Pyrenaeum
1022 1061 1169 1125 transgres-

59 1138 133 1193 sus“
151 1135 254 1192 adiecta
273 1147 343 1193 sunt.
363 1137 414 1208 (cl.
426 1136 486 1194 Liv.
499 1137 599 1207 XXVI,
615 1140 686 1208 l9.)]
702 1169 733 1180 -
754 1137 902 1207 (Laevinus
915 1137 1097 1212 Agrigentum,
1117 1136 1168 1193 alia

58 1223 160 1300 oppida
179 1233 320 1299 expugnat,
339 1224 480 1281 Annonem
498 1228 577 1303 capit.
605 1247 638 1281 ex
655 1225 768 1301 Eutrop.
781 1223 825 1290 III,
839 1225 864 1279 8.
883 1226 911 1278 in
925 1225 997 1300 quib.
1011 1222 1067 1278 lere
1080 1225 1167 1279 omnia

57 1311 167 1364 minime
184 1320 320 1377 accurata,
345 1310 412 1368 adeo
431 1311 512 1380 falsa,
534 1314 558 1367 si
576 1311 654 1367 Livio
675 1309 792 1377 (XXVI,
810 1310 999 1385 1701140.)
1018 1309 1112 1376 tides.)
1132 1338 1166 1350 —·

57 1415 84 1471 p.
99 1397 175 1463 rot:
200 1395 250 1450 Cn.
269 1396 380 1454 Fulvius
403 1418 530 1476 procons.
555 1397 588 1453 ab
610 1395 743 1453 Annibale
767 1416 870 1452 caesus.
899 1397 1012 1472 Eutrop.
1032 1395 1077 1463 III,
1095 1399 1119 1451 8.
1138 1398 1166 1452 in

57 1481 113 1536 fine
136 1501 151 1535 e
174 1479 233 1536 Liv.
252 1483 370 1551 XXVII,
393 1489 413 1539 Ι.
434 1482 619 1559 amplificatus.
649 1486 695 1551 (in
718 1502 818 1538 caesor.
838 1502 947 1537 numero
971 1480 1106 1553 Nosterne
1128 1481 1167 1537 di-

57 1586 155 1622 versos
178 1565 249 1623 Livii
273 1588 398 1624 numeros
425 1569 621 1645 quodammodo
646 1567 819 1637 coniunxiti)
843 1598 875 1608 -
904 1566 1023 1623 llarcelli
1046 1587 1096 1644 per
1117 1569 1165 1623 tri-

58 1652 140 1710 duum
164 1673 252 1730 pugna
276 1675 299 1709 c.
320 1649 457 1711 Annibale
480 1656 530 1724 (ad
555 1653 718 1723 Canusium)
741 1675 794 1709 sec.
817 1652 874 1709 Liv.
893 1652 1011 1721 XXVII,
1035 1657 1163 1710 12-14.

59 1738 220 1809 [blancollus
244 1761 308 1796 vero
327 1761 381 1795 non
400 1762 501 1809 cons,
526 1741 576 1797 sed
595 1760 749 1818 procons.
770 1739 898 1814 confligit.
925 1738 984 1794 Liv.
1004 1738 1022 1794 l.
1035 1739 1052 1794 l.
1073 1741 1110 1808 7.]
1131 1771 1163 1783 -

57 1824 176 1894 (Fabius
189 1825 258 1882 Illax.
273 1847 346 1883 cons.
366 1827 511 1884 Tarentum
530 1830 633 1905 recipit.
664 1846 696 1882 ex
713 1825 826 1901 Eutrop.
841 1824 886 1893 III,
899 1828 923 1881 9.
943 1825 1084 1881 differente
1103 1846 1164 1902 pao·

57 1912 143 1990 lisper
166 1913 294 1989 captivor.
319 1933 438 1969 numero.
462 1913 539 1984 (Liv.
558 1912 676 1979 XXVII,
702 1915 742 1966 15.
763 1912 835 1980 16.))
876 1910 982 1981 [Verba
1007 1911 1071 1967 dein
1093 1911 1165 1981 „Se-

56 1999 151 2074 quenti
170 2017 238 2053 anno
259 2027 287 2038 -
311 2001 417 2055 occisus
437 2002 511 2069 est⁴‘,
534 1999 598 2055 mibi
622 2001 667 2055 vix
690 1997 812 2065 dubium,
838 1999 902 2073 quin
925 1999 1016 2075 spuria
1040 2007 1066 2053 et
1084 1997 1164 2075 plano

54 2083 200 2140 reiicienda
224 2087 286 2140 sint.
323 2085 418 2161 Neque
437 2089 507 2142 enim
525 2107 575 2142 sex
592 2085 671 2140 lineis
690 2104 767 2139 unam
787 2082 950 2158 curulemque
970 2105 1025 2139 rem
1043 2084 1085 2139 bis
1103 2104 1164 2162 pro·

55 2169 111 2227 icrt
127 2169 241 2237 Noster,
263 2173 356 2248 priore
377 2171 438 2228 loco
462 2175 489 2227 in
512 2172 555 2228 his
578 2192 661 2239 „cum
679 2171 821 2226 exercitu“
845 2190 908 2224 sane
930 2169 1026 2225 falsum
1045 2172 1164 2226 commit·

55 2267 126 2324 tens,
143 2266 240 2333 postea
254 2260 404 2315 accuratius
422 2259 552 2327 „insidiis
566 2261 762 2314 circumventos
770 2258 787 2284 ‘⁴
805 2255 906 2311 diceus.
938 2255 1032 2311 Scriba
1051 2258 1111 2332 quis
1130 2276 1164 2312 ex

54 2344 170 2419 Eutrop.
188 2341 238 2410 III,
256 2347 287 2398 10
299 2345 357 2400 init.
378 2367 407 2400 ea
425 2348 574 2402 inseruisse
592 2343 657 2399 mihi
676 2342 795 2410 videtur,
817 2342 862 2398 nbi
881 2342 947 2397 haec
965 2341 1048 2397 babos
1067 2342 1163 2410 „Insc-

55 2431 150 2506 quenti
173 2448 242 2483 anuo
260 2471 326 2484 ....
344 2432 372 2485 in
390 2430 465 2486 Italia
483 2475 489 2487 .
504 2476 509 2488 .
525 2473 532 2487 .
550 2429 593 2487 CI.
612 2428 754 2485 lllareellus
778 2449 852 2484 cons.
872 2429 905 2483 ab
925 2427 1073 2484 Hannibale
1094 2431 1163 2484 occi·

54 2536 103 2573 aus
123 2516 194 2569 est“.
231 2514 273 2570 Ne
295 2515 361 2590 quid
384 2516 469 2572 dicam
491 2517 524 2574 de
541 2520 651 2572 inverso
670 2536 759 2571 rerum
778 2514 885 2582 ordine,
909 2516 1053 2590 inquibus
1073 2514 1162 2592 dispo·

55 2600 153 2658 nendis
176 2603 344 2678 apertissime
366 2623 462 2678 presso
485 2603 554 2680 pede
577 2601 683 2658 Livium
707 2603 829 2676 sequitur
850 2600 975 2663 Orosius.
1019 2599 1161 2675 Quomodo

55 2687 219 2744 emendanda
238 2707 298 2743 esse
316 2689 397 2744 verba
413 2689 523 2745 Haverc.
544 2690 678 2756 coniiciat,
696 2709 721 2744 v.
741 2690 768 2742 in
786 2695 841 2742 aot.
855 2690 880 2742 9.
900 2685 933 2740 ad
952 2685 977 2741 h.
991 2707 1013 2741 c.
1051 2686 1100 2740 Sin
1119 2706 1161 2741 au-

54 2784 110 2831 tem
132 2777 185 2831 ista
208 2794 272 2830 vere
289 2773 436 2843 Orosiana,
459 2785 516 2832 tum
538 2796 660 2850 magnum
682 2772 804 2851 prolecto
827 2775 944 2828 incuriae
962 2771 1161 2828 documentum!

56 2861 89 2917 cI.
108 2870 136 2916 et
154 2859 275 2916 Grubitz.
295 2861 398 2916 emend.
414 2863 494 2918 Oros.
515 2883 539 2940 p.
550 2863 606 2931 tu]
628 2894 659 2904 —
680 2860 773 2937 Scipio
792 2862 820 2915 in
837 2859 966 2937 Hispania
984 2855 1162 2913 Asdrubalem

55 2949 154 3016 vincit,
177 2948 274 3002 castris
293 2949 372 3004 exuit.
403 2969 457 3004 sec.
476 2947 535 3005 Lir.
554 2947 666 3014 XXVII,
687 2951 720 3003 18
734 2956 762 3003 ct
776 2949 815 3002 19.
839 2945 891 3018 (de
911 2945 1025 3022 captivis
1043 2943 1161 2999 venditis

56 3045 84 3090 et
102 3033 220 3090 dimissis
240 3032 306 3089 adeo
323 3035 405 3090 verba
424 3037 527 3111 reperis
539 3033 611 3091 Livii
629 3055 652 3090 c.
664 3034 718 3103 19.)
738 3032 790 3102 [de
808 3032 938 3088 civitatib.
958 3032 1043 3108 captis
1060 3031 1161 3086 immin·

56 3132 100 3177 tus
119 3121 232 3197 Eutrop.
251 3119 296 3186 Ill,
317 3124 350 3174 10
361 3123 429 3189 init,
447 3124 474 3176 ni
494 3121 565 3176 hunc
583 3121 672 3175 Iocum
689 3139 774 3193 aeque
792 3120 912 3194 spurium
931 3138 992 3172 esse
1009 3119 1061 3183 vis,
1081 3136 1162 3192 quum

56 3208 206 3264 arctissime
224 3206 393 3263 cohaerentia
412 3207 533 3272 dirimat,
551 3208 738 3261 tamcn'istum
751 3206 828 3258 etiarn
842 3202 1058 3280 postponendum
1072 3203 1161 3256 existi·

55 3304 110 3350 met
134 3295 266 3369 quispiam
288 3304 353 3372 post
373 3295 484 3348 verbum
508 3292 711 3371 „Hispanos“.]
739 3324 769 3333 —
796 3289 874 3346 Coss.
895 3289 928 3344 ab
946 3285 1080 3344 Annibale
1097 3287 1161 3342 insi·

56 3381 110 3437 diis
128 3383 320 3447 circumventi,
340 3380 494 3436 interfecti.
522 3400 575 3435 sec.
594 3377 652 3434 Liv.
672 3376 784 3444 XXVII,
796 3380 829 3430 27
843 3376 889 3446 (et
900 3378 963 3443 33).
987 3372 1073 3444 [alter
1090 3374 1161 3428 enirn

56 3465 205 3534 consulum,
226 3465 379 3543 Crispinus,
397 3465 509 3521 vulnere
523 3466 560 3520 ibi
573 3474 683 3541 accepto
697 3464 786 3532 obiit]
808 3496 838 3505 —
859 3483 884 3539 p.
896 3463 969 3530 aas:
988 3460 1031 3516 cl.
1044 3459 1160 3527 Nerone,

55 3553 90 3611 tl.
108 3553 167 3610 Liv.
186 3551 338 3608 Salinatore
360 3572 429 3608 coss.
450 3550 587 3607 Asdrubal
609 3571 658 3628 per
676 3549 778 3606 Gallias
802 3551 829 3603 in
847 3545 948 3602 ltaliam
966 3557 1159 3620 transgressus,

56 3640 90 3696 ad
108 3639 257 3696 Metaurum
279 3641 368 3695 victus
391 3648 419 3694 et
441 3641 554 3694 occisus.
590 3636 657 3692 Eius
680 3646 760 3713 caput
784 3634 818 3690 ad
838 3632 976 3689 Annibalis
997 3641 1082 3688 castra
1099 3651 1160 3707 pro-

55 3729 161 3783 iectum.
202 3725 318 3782 Annibal
341 3728 369 3781 in
392 3726 514 3781 Bruttios
537 3721 647 3779 recedit.
672 3743 726 3777 rec.
745 3720 803 3776 Liv.
821 3718 936 3784 XXVII,
955 3721 1011 3775 36.
1027 3761 1033 3774 .
1047 3719 1082 3772 39
1099 3737 1159 3792 sqq.

56 3817 134 3891 impr.
152 3815 187 3867 49
205 3814 299 3881 (cuius
318 3816 376 3890 ipsa
395 3811 492 3868 adsunt
510 3810 609 3879 rerba)
628 3811 714 3864 0151.
737 3841 764 3849 —
788 3807 830 3861 Dc
852 3805 955 3863 velitib.
974 3807 1074 3860 inserto
1097 3811 1161 3859 sunt

56 3921 110 3956 sec.
130 3898 189 3955 Liv.
208 3899 306 3966 XXVI,
325 3902 349 3955 a.
375 3901 459 3974 [quae
479 3895 612 3972 quomodo
632 3897 686 3950 sint
704 3892 828 3968 legenda,
851 3895 950 3970 optime
969 3890 1091 3946 Grubitz.
1110 3909 1158 3944 em.

57 3987 139 4044 Oros.
158 3985 192 4041 od
211 3985 236 4040 h.
257 3984 273 4040 l.
293 3985 513 4053 demonstravit]
547 3983 728 4049 (Differentes
752 3978 946 4055 quodammodo
970 3996 1070 4034 caesor.
1090 3996 1158 4031 num.

56 4072 159 4129 nullius
172 4081 236 4128 sunt
247 4072 396 4139 momenti.)
424 4070 500 4140 [Nisi
515 4071 623 4125 nimium
635 4069 738 4137 eruisse
750 4065 894 4133 videamur,
912 4069 941 4121 in
953 4065 1043 4120 verbis
1062 4061 1159 4130 „Sena

57 4159 148 4216 Piceni
172 4159 288 4215 ciritas“
311 4179 338 4235 p.
348 4160 423 4224 265,
444 4157 605 4234 Eutropium
623 4153 669 4219 lu,
684 4157 737 4218 lo..
761 4153 788 4207 in
812 4161 868 4207 tota
891 4172 956 4208 vero
978 4149 1091 4229 periodo
1113 4147 1160 4204 illa

57 4249 170 4322 vestigia
193 4245 276 4302 habes
300 4243 444 4300 sortasse
466 4242 529 4299 Silii
551 4240 608 4298 Ital.
633 4238 695 4309 XV,
714 4241 789 4305 816.;
814 4248 909 4315 postea
933 4259 958 4313 p.
973 4240 1033 4294 too.
1058 4243 1161 4312 „carpat
