2640 4764
74 117 182 171 tamen
211 114 356 191 tempora
383 103 484 169 veluti
513 105 604 170 malis
631 114 720 170 extra
741 107 869 173 solitum
891 110 1106 190 infestissima,
1134 111 1178 175 ob

72 212 135 276 boc
164 209 270 275 solum
301 208 389 295 quod
406 208 558 275 ,creditur
578 209 740 290 Christus,-
767 221 801 275 et
822 211 939 278 colitur
959 214 1064 294 Deus,
1092 213 1180 281 idola

71 323 178 379 autem
208 317 313 378 minus
343 313 505 391 coluntur,
534 315 699 378 infamant:
728 337 936 402 praeceperas
961 338 1056 404 ergo,
1085 326 1120 383 ut
1142 340 1179 383 ex

71 417 222 483 omnibus
245 421 299 503 qui
321 416 432 483 haberi
455 419 495 482 ad
517 441 669 505 praesens
692 433 840 503 possunt,
862 421 1062 486 historiarum
1084 432 1178 508 atque

71 521 233 587 annalium
256 522 361 601 fastis,
384 545 590 608 quaecunque
614 537 669 587 aut
690 522 783 586 bellis
806 529 929 610 gravia,
952 537 1007 589 aut
1028 537 1179 612 corrupta

70 627 200 704 morbiS,
223 636 278 690 aut
299 626 382 690 fame
405 630 514 703 tristia,
538 636 593 691 aut
615 637 767 691 terrarum
787 628 924 693 motibus
941 628 1101 708 terribilia,
1125 642 1179 695 aut

69 729 331 796 inundationibus
366 753 515 815 aquarum
547 731 689 806 insolita,
726 741 781 794 aut
809 733 1031 818 eruptionibus
1058 739 1177 821 ignium

68 834 249 912 metuenda,
275 844 330 898 aut
351 835 465 899 ictibus
487 835 651 899 fulminum
674 835 841 922 plagisque
863 836 1052 924 grandinum
1074 861 1177 920 saeva,

68 937 121 1001 vel
146 940 239 1001 etiam
262 937 438 1023 parricidiis
460 939 650 1026 flagitiisque
672 943 799 1018 misera,
828 963 888 1025 per
909 952 1064 1006 transacta
1088 953 1176 1008 retro

67 1039 197 1105 saecula
219 1043 420 1126 reperissem,
443 1042 591 1107 ordinato
615 1032 948 1111 breviter'voluminis
972 1056 1059 1112 textu
1081 1047 1177 1132 expli-

68 1166 188 1209 carem:
210 1148 342 1209 maxime
365 1153 458 1211 cum“
482 1157 539 1211 etc

157 1248 295 1313 Orosius
324 1252 421 1336 igitur
442 1260 616 1338 praecepto
641 1250 837 1335 obsequutus
859 1252 959 1320 libros
982 1253 1056 1318 illos
1079 1255 1175 1318 histo-

64 1355 184 1418 riarum
208 1359 395 1439 composuit.

511 1738 657 1795 CAPVT
693 1742 729 1795 Π.

133 1863 203 1936 nn
234 1816 442 1950 monia,
473 1864 797 1970 lnovmnuro
830 1864 895 1939 lc
926 1864 1106 1940 roxml

482 1980 761 2056 araxorum

110 2186 120 2201 ‘
156 2176 305 2242 Cuiusvis
329 2182 436 2263 operis
460 2191 676 2268 argumentum
701 2192 733 2245 et
754 2182 855 2266 forma
872 2179 1107 2266 quodammodo
1123 2196 1174 2243 so*

63 2281 131 2346 lum
155 2291 291 2367 possunt
312 2287 486 2370 segregari,
516 2307 610 2369 quum
634 2285 767 2350 alterum
789 2307 913 2370 semper
934 2273 1013 2371 plus
1030 2287 1173 2349 minusve

65 2387 248 2473 suppeditet
280 2386 423 2451 alteram:
461 2409 524 2472 quo
554 2388 723 2467 accedunt,
759 2411 852 2473 quem
881 2392 1001 2473 appetit
1028 2391 1172 2472 scriptor,

64 2491 140 2555 linis
164 2500 258 2576 atque
279 2495 349 2576 ipsa
372 2496 510 2556 auctoris
529 2492 663 2570 indoles,
686 2491 823 2557 medium
840 2494 928 2576 quasi
942 2495 1025 2554 inter
1041 2491 1172 2555 formam

65 2605 100 2659 et
122 2606 348 2682 argumentum.
394 2595 494 2680 Quod
517 2597 600 2661 idem
623 2599 656 2660 in
677 2598 800 2661 Nostro
823 2597 1006 2681 reperimus.

155 2703 383 2786 Argumentum
406 2704 538 2786 primum
555 2700 672 2786 duplex
688 2711 750 2765 est:
772 2699 905 2764 alterum
921 2720 956 2763 re
971 2701 1040 2783 ipsa
1057 2698 1172 2777 datum,

66 2803 201 2868 alterum
223 2804 263 2867 ab
286 2805 408 2868 Orosio
426 2803 574 2884 additum,
597 2805 684 2890 quod
704 2808 816 2890 partim
834 2803 938 2868 elucet
955 2801 1172 2880 exelectione,

66 2906 293 2993 dispositione,
321 2908 477 2972 tractandi
499 2913 623 2973 ratione
649 2930 754 2972 rerum
778 2907 817 2971 ab
840 2907 970 2970 historia
991 2904 1174 2990 suppedita-

63 3032 134 3075 rum
163 3011 286 3091 (forma
309 3013 388 3076 haec
408 3015 577 3093 maxime),
603 3015 717 3098 partim
748 3020 847 3075 exstat
873 3014 907 3075 in
936 3008 1050 3074 additis
1072 3011 1172 3096 magis

66 3135 102 3178 ex
125 3114 198 3179 solo
221 3117 352 3203 ingenio
376 3119 549 3200 scriptoris,
576 3117 680 3201 qualia
702 3119 736 3180 in
758 3113 1017 3202 praelationibus,
1039 3115 1173 3179 excursi-

63 3217 133 3298 bus,
156 3219 303 3307 epilogis,
325 3219 401 3284 alibi
423 3220 627 3304 praebentur.
668 3216 673 3222 ’
756 3230 759 3234 ’
841 3231 845 3235 ’

155 3324 383 3410 Argumentum
405 3325 588 3387 historicum
613 3325 696 3387 hunc
718 3327 751 3388 in
769 3322 898 3387 modum
914 3319 1073 3384 distribuit
1088 3320 1173 3384 Oro-

65 3428 129 3490 sius
153 3442 275 3512 septem
297 3432 332 3493 in
354 3429 468 3506 libros,
498 3439 533 3492 ut
555 3431 696 3513 primo,
720 3428 811 3491 brevi
834 3437 985 3491 terrarum
1009 3424 1095 3487 orbis
1118 3421 1172 3487 ad-

64 3530 268 3596 umbratione
296 3534 481 3618 praemissa,
516 3554 534 3595 a
567 3552 655 3595 novo
685 3541 760 3616 post
789 3529 940 3594 diluvium
968 3549 1089 3615 genere
1117 3529 1172 3592 hu-

64 3657 160 3699 mano
181 3638 362 3722 incipiens,
391 3638 561 3720 specimina
591 3637 680 3721 quasi
708 3636 889 3718 mythorum
918 3642 950 3695 et
972 3634 1171 3696 historiarum

65 3741 351 3824 antiquissimarum
374 3750 436 3803 tarn
459 3753 652 3816 sanctarum,
680 3759 772 3823 quam
794 3740 945 3822 imprimis
969 3737 1171 3820 profanarum

65 3843 257 3923 (baianas),
284 3866 302 3907 a
324 3845 412 3909 Nino
435 3866 535 3929 usque
559 3842 600 3906 ad
622 3843 733 3907 urbem
756 3840 924 3918 conditam,
947 3850 982 3904 ut
1004 3850 1101 3926 putat,
1123 3861 1173 3903 se·

64 3947 203 4012 cundum
226 3948 372 4012 ordinem
396 3947 659 4034 chronologicum
682 3969 754 4011 sese
778 3948 965 4031 excipientis
989 3944 1127 4031 colligat

951 4051 971 4113 3
