2640 4764
452 1201 859 1301 Pnlnnltlo.

581 1447 732 1456 -—————

102 1630 199 1755 Vix
220 1689 305 1755 ullus
327 1700 468 1757 veterum
491 1701 655 1757 auctorum
678 1701 796 1757 tantam
815 1696 1010 1759 auctoritatis
1025 1716 1102 1760 suae
1119 1698 1208 1760 vicis-

102 1793 272 1859 situdinem
295 1795 429 1860 subiisse
451 1792 585 1873 videtur,
608 1817 701 1881 quam
718 1797 864 1863 Orosius.
903 1797 1005 1865 Cuius
1021 1819 1138 1863 nomen
1152 1800 1209 1865 ho-

103 1897 157 1962 die
185 1920 257 1963 raro
286 1907 406 1963 tantum
428 1907 635 1976 memoratur,
663 1910 739 1985 post
762 1903 850 1965 cuius
873 1902 1073 1968 historiarum
1098 1904 1209 1969 editio-

102 2022 176 2064 nem
197 2003 441 2066 recentissimam
462 2001 535 2088 plus
558 2010 683 2066 centum
706 2005 899 2089 praeteriere
922 2008 1010 2085 anni,
1034 2005 1119 2071 idem
1143 2017 1210 2073 erat

105 2103 263 2189 quondam
285 2108 476 2184 notissimus,
499 2105 732 2170 celeberrimus.

191 2208 256 2272 Iam
279 2212 362 2272 enim
385 2208 524 2296 aequalis
547 2209 614 2274 fere
629 2211 769 2297 Prosper
784 2210 991 2297 Aquitanicus
1008 2214 1041 2278 in
1057 2214 1208 2282 chronico

102 2314 151 2391 (a.
175 2313 260 2392 396)
289 2315 388 2377 virum
419 2312 621 2399 eloquentem
649 2312 813 2399 praedicat
835 2315 987 2380 Orosium
1012 2328 1044 2381 et
1065 2318 1210 2384 historia-

101 2438 171 2480 rum
200 2418 399 2504 cognitorem
422 2415 640 2496 (conditorem
664 2418 724 2498 al.)
754 2417 881 2482 clarum.
934 2419 1143 2507 Eundemque
1165 2427 1210 2487 vi-

101 2542 172 2584 rum
200 2519 309 2584 laudat
338 2519 579 2585 eruditissimum
610 2530 642 2586 et
668 2523 971 2610 historiographum,
1000 2527 1054 2611 qui
1077 2527 1209 2611 propius

101 2625 240 2689 fortasse
261 2622 302 2688 ad
325 2633 459 2689 aetatem
484 2628 550 2689 eius
573 2623 702 2703 accedit,
725 2623 808 2690 adeo
832 2649 902 2690 eum
918 2630 1009 2692 novit
1023 2631 1133 2713 ipsum,
1157 2650 1210 2694 au-

103 2739 173 2792 ctor
195 2727 269 2792 libri
291 2726 332 2791 de
355 2727 620 2811 promissionibus
640 2739 672 2792 et
687 2726 957 2813 praedictionibus
975 2732 1047 2794 Dei.
1065 2732 1101 2810 ¹).
1140 2730 1211 2795 lda-

102 2835 165 2896 tius
189 2829 264 2895 dein
278 2832 445 2916 Hispanus,
469 2831 609 2896 eiusdem
631 2834 756 2896 circiter
771 2835 923 2918 temporis
940 2832 1209 2921 chronographus,

103 2937 165 2999 iam
193 2956 269 2999 usus
299 2944 347 2999 est
369 2935 491 3000 Orosio
520 2938 553 2999 in
578 2936 718 2999 historiis
741 2934 927 3001 condendis.
979 2939 1059 3002 Post
1082 2937 1210 3003 Genna-

104 3038 174 3104 dius
197 3038 260 3120 (de
281 3041 338 3103 vir.
353 3037 399 3104 ill.
422 3062 448 3103 c.
461 3040 534 3121 39.)
557 3040 708 3125 Prosperi
730 3038 798 3103 fere
821 3038 935 3127 elogiis
958 3063 1034 3105 usus
1058 3045 1125 3106 eius
1147 3063 1211 3106 me-

103 3145 200 3221 minit,
224 3153 256 3207 et
278 3145 330 3208 cui
352 3142 469 3207 dicavit
482 3141 535 3207 vel
550 3145 720 3207 transmisit
736 3142 933 3228 opusculum,
956 3142 1104 3209 Gelasius
1119 3167 1210 3231 papa,

105 3245 145 3311 de
168 3244 282 3312 eodem
304 3247 427 3310 Nostro
451 3247 535 3310 bunc
555 3250 589 3312 in
612 3244 740 3311 modurn
764 3245 902 3311 disserit:
932 3247 1034 3326 „Item
1057 3249 1209 3314 Orosium

104 3353 204 3415 virum
228 3347 471 3415 eruditissimum
494 3348 719 3429 collaudamus,
742 3353 816 3435 quia
838 3348 933 3415 valde
955 3352 1049 3416 nobis
1064 3372 1210 3416 necessa-

102 3456 180 3517 riam
204 3453 356 3518 adversus
377 3474 576 3542 paganorum
599 3453 770 3519 calumnias
794 3453 922 3541 dignam
938 3454 1098 3520 ordinavit
1112 3456 1210 3520 histo-

103 3560 195 3635 riam,
221 3561 362 3642 miraque
383 3558 540 3622 brevitate
563 3560 756 3623 conteruit.“
771 3558 799 3637 ²)
850 3558 1035 3645 Notumque
1057 3559 1209 3624 Orosium

177 3751 209 3819 1)
228 3753 258 3808 In
271 3754 384 3831 append.
399 3775 461 3832 opp.
474 3753 603 3832 Prosperi
615 3752 705 3828 aquit.
729 3754 769 3810 ed.
784 3755 868 3812 Paris.
887 3759 963 3811 1711.
982 3754 1027 3810 sol.
1047 3776 1073 3833 p.
1083 3755 1114 3811 11.
1134 3776 1156 3811 c.
1166 3757 1208 3812 33.

104 3835 165 3894 Col.
179 3842 238 3894 161.
254 3838 286 3896 C.
326 3841 410 3898 Liber
432 3850 508 3896 antea
531 3839 617 3896 eidem
635 3839 770 3918 Prospero
795 3842 938 3898 attributus
961 3862 975 3895 a
999 3861 1063 3897 sene
1082 3840 1209 3898 Africano

104 3923 220 3997 quodam
243 3927 313 3982 inter
332 3946 392 3983 ann.
409 3930 463 3982 450
482 3936 509 3982 et
526 3930 579 3982 455
597 3926 715 4003 scriptus
733 3927 849 3985 videtur.
892 3927 934 3983 cf.
954 3927 1081 3984 admonit.
1100 3929 1128 3983 in
1145 3927 1207 3984 libr.
1248 3975 1249 3978 ,

104 4007 139 4064 de
156 4014 295 4087 praemiss.
315 4023 365 4070 etc.
388 4035 415 4090 p.
429 4015 464 4068 85
482 4033 541 4089 sqq.

173 4105 209 4172 2)
232 4104 264 4160 In
285 4105 394 4163 decreto
418 4106 452 4162 de
475 4106 637 4184 recipiendis
661 4117 688 4163 et
710 4128 765 4163 non
789 4107 951 4185 recipiendis
975 4107 1059 4165 libris.
1102 4107 1207 4165 Concil.

104 4189 175 4246 stud.
194 4189 296 4248 Labbei
315 4203 342 4248 et
360 4193 501 4272 Cossartii.
532 4192 617 4251 Paris.
632 4196 707 4251 1611.
726 4194 773 4251 fol.
801 4193 877 4252 Tom.
890 4193 937 4252 lv.
966 4193 1027 4251 Col.
1042 4197 1118 4252 1264.
1131 4195 1164 4252 Α.

987 4286 1006 4347 l
