2640 4764
598 158 641 224 79

135 331 171 402 1)
194 330 375 389 Nihilominus
398 352 452 389 seo.
477 332 590 410 Eutrop.
613 332 708 389 scribit
730 330 830 389 Noster
850 332 948 408 pdssb.
969 329 1170 412 „Vespasianus

61 453 94 462 -
115 440 202 476 nono
221 439 290 474 anuo
309 420 477 496 principatus
495 421 538 475 sui
559 453 590 462 -
610 429 731 475 mortuus
751 420 824 474 est.“
1227 411 1229 415 ⁵

132 507 169 575 2)
195 505 277 560 Oros.
295 501 312 558 l.
327 503 344 559 l.
363 525 388 582 p.
400 507 459 563 osas.
480 506 633 579 „Quamvis
652 505 800 582 Eutropius
819 501 907 573 (Vlll,
927 503 968 574 l.)
987 507 1171 582 quinquagesi-

59 613 134 650 mum
158 592 231 648 hunc
253 610 314 646 csso
338 611 435 648 annum
458 593 634 671 scripserit“:
657 589 728 646 unde
751 611 815 646 sane
836 589 939 646 eluceat
956 589 1086 648 Nostrum
1103 611 1171 648 sem·

60 700 111 757 per
130 677 218 735 adbuc
236 698 320 734 anuos
338 679 391 734 sibi
409 687 563 756 computare
580 676 707 733 voluisse.

132 763 169 834 3)
192 764 235 821 Gi.
264 764 362 840 Soalig.
386 764 420 820 de
443 763 545 821 emend.
568 773 649 842 temp.
673 760 691 819 l.
706 762 740 820 V.
763 783 789 840 p.
803 762 956 838 osumsq.
980 772 1009 818 et
1030 783 1057 840 p.
1069 767 1122 818 512
1133 762 1169 820 D.

61 850 109 920 „A
124 849 297 907 Diocletiano
316 851 445 928 deinceps
464 849 640 907 cave⁸credas
653 848 753 904 Oresio
773 870 856 906 anuos
874 851 1064 926 imperatorum
1083 850 1110 905 iu
1123 848 1170 905 Pa·

60 936 119 992 lilia
136 934 388 993 urbisVarroniana
407 937 561 994 conferenti.
592 934 745 1011 Aliquando
762 938 831 991 enim
844 956 924 1008 anno,
943 934 1084 1012 aliquando
1097 936 1171 992 bien·
1264 963 1268 970 ·

61 1024 106 1078 nio
126 1021 189 1099 plus
209 1023 305 1079 dioit.“
348 1022 430 1098 Quod
452 1026 503 1079 iam
520 1023 596 1101 prius
615 1022 713 1078 lactum
731 1021 915 1091 observamus,
939 1021 1112 1098 nequehanc
1129 1023 1169 1078 rei

60 1129 169 1166 oausam
186 1109 338 1186 probamus.

131 1196 167 1266 4)
192 1194 234 1252 Cf.
254 1194 332 1251 eund.
351 1193 369 1252 l.
382 1193 400 1250 l.
419 1215 444 1272 p.
456 1197 531 1263 500„
550 1195 597 1250 ubi
615 1213 764 1270 congruens
783 1216 844 1252 cum
861 1195 980 1252 Eusebio
999 1194 1112 1252 resultat
1129 1216 1170 1251 ra·

60 1284 209 1339 tiocinatio.

130 1367 167 1435 5)
191 1365 233 1423 Cl.
254 1365 331 1422 eund.
350 1365 369 1422 l.
382 1366 399 1423 l.
419 1388 445 1444 p.
455 1370 516 1423 511.
531 1366 563 1423 C.

130 1453 167 1524 6)
189 1454 302 1531 Eutrop.
321 1474 406 1510 annos
426 1453 522 1511 Iuliani
543 1453 606 1512 iude
630 1475 644 1510 a
664 1451 788 1510 Caesaris
812 1454 947 1510 creatione
969 1473 1108 1511 numerare
1130 1454 1169 1511 vi·

10 1556 19 1563 ·
61 1539 163 1597 deatur.

131 1625 167 1695 7)
188 1625 301 1705 Eutrop.
324 1627 364 1694 X,
383 1631 425 1685 lo.
448 1629 564 1706 primum
581 1624 763 1682 Valentiniani
787 1635 814 1681 et
831 1622 953 1682 Valentis
977 1644 1075 1682 annum
1097 1646 1167 1682 coss.

58 1711 170 1769 loviano
194 1722 221 1769 et
239 1711 420 1782 Varroniano,
448 1735 473 1771 u.
497 1735 519 1771 c.
544 1715 613 1769 1119
635 1714 727 1790 ponit,
755 1714 802 1789 qui
823 1721 911 1767 tamen
933 1732 987 1768 sec.
1008 1734 1061 1770 aer.
1081 1712 1167 1782 Varo,

58 1819 139 1874 qnam
157 1796 178 1867 I,
200 1803 222 1856 l.
240 1801 318 1875 sequi
336 1799 407 1856 velle
425 1799 541 1869 videtur,
561 1803 629 1856 1117
649 1809 751 1855 tantum
769 1801 821 1855 est!
838 1828 872 1839 -
891 1798 974 1872 Quod
992 1799 1026 1855 ad
1038 1799 1167 1856 Nostrum

10 1884 22 1915 ‘⁵
58 1887 192 1963 pertinet,
217 1884 251 1941 of.
274 1885 371 1962 Scalig.
393 1886 411 1942 l.
429 1886 449 1943 l.
469 1896 496 1942 et
513 1886 531 1943 l.
553 1907 636 1964 supra
658 1886 677 1942 l.
699 1907 726 1964 p.
740 1889 794 1942 olt
810 1885 847 1946 l).
874 1885 932 1955 „de
953 1887 1031 1942 initio
1049 1885 1168 1945 Valenti·

59 1973 157 2027 niani“
176 1982 228 2028 eto.

129 2057 165 2128 8)
188 2056 311 2114 Alaricus
329 2057 441 2114 Romam
459 2059 531 2136 capit
549 2059 637 2114 tertio.

148 2201 207 2264 His
235 2203 270 2264 in
291 2200 407 2265 tabulis
435 2203 621 2287 praesertim
651 2222 780 2286 parvam
806 2210 838 2264 et
860 2221 962 2263 raram
986 2222 1056 2264 cum
1078 2200 1168 2266 fastis

59 2301 270 2389 Capitolinis,
304 2307 351 2368 uti
379 2328 450 2369 cum
480 2327 552 2370 aera
582 2304 778 2385 Catoniana,
808 2327 900 2390 quam
928 2303 1168 2370 fundamentum

59 2407 291 2494 chronologiae
306 2409 418 2473 Nostri
434 2408 650 2494 accipiendam
666 2431 760 2494 supra
776 2407 974 2487 credidimus
989 2431 1168 2496 congruen-

57 2516 134 2576 tiam
158 2513 377 2586 observamus;
400 2511 457 2576 sed
481 2523 591 2578 contra
610 2523 726 2578 certam
743 2523 919 2599 temporum
938 2513 1168 2597 computando

57 2638 128 2680 rum
150 2619 315 2693 rationem,
337 2616 490 2681 Orosium
514 2620 645 2680 omuino
668 2620 779 2681 mirum
802 2620 834 2679 in
857 2616 986 2681 modum
1009 2619 1070 2681 buo
1090 2617 1167 2682 illuc

57 2719 263 2784 fluctuantem
279 2719 431 2784 videmus.
463 2721 506 2784 At
522 2720 805 2798 animadvertimus
821 2721 974 2785 Orosium
990 2730 1063 2785 ante
1076 2720 1167 2786 Chri-

57 2832 141 2887 stum
164 2832 272 2887 natum
295 2835 407 2888 contra
428 2835 568 2889 nostram
590 2825 753 2913 vulgarem
774 2836 952 2911 temporum
968 2823 1167 2888 definiendo-

57 2949 128 2990 rum
157 2929 328 3006 rationem,
356 2950 407 2991 res
436 2939 542 3016 gestas
565 2951 691 3016 semper
713 2930 780 2994 lere
803 2929 946 3016 pluribus
970 2932 1059 2993 anuis
1081 2932 1166 3014 prio·

57 3052 110 3094 res
133 3029 247 3108 facere,
271 3042 303 3096 et
324 3035 485 3096 maximam
508 3046 629 3117 partein
653 3043 790 3119 quatuor
812 3038 902 3098 annis
925 3032 967 3097 ad
982 3055 1036 3098 sex
1050 3055 1166 3118 usque;

57 3143 135 3219 post
157 3138 352 3200 nativitatem
377 3147 481 3201 autern
503 3135 692 3215 SalvatoriS,
722 3137 849 3202 easdem
871 3137 959 3201 illum
982 3139 1166 3221 saepissime

58 3237 187 3302 duobus
224 3239 365 3304 tribusve
401 3240 454 3304 vel
486 3239 631 3325 pluribus
666 3245 757 3305 annis
789 3244 987 3326 posteriores
1019 3239 1164 3304 reddere.

56 3345 175 3408 Rarius
198 3343 346 3408 accidunt
369 3347 535 3424 contraria,
559 3354 591 3408 et
613 3355 686 3408 ante
707 3344 868 3411 Christum
892 3344 1017 3432 quidem
1039 3348 1165 3430 saepius

58 3469 152 3533 quam
176 3458 251 3533 post
274 3470 354 3511 eum.

149 3548 400 3616 Confunduntur
428 3573 504 3615 saue
529 3555 635 3615 omnia
658 3551 902 3639 chronologica,
931 3553 1072 3636 quamvis
1094 3551 1166 3617 fieri

57 3675 127 3718 non
149 3659 308 3739 putuisse,
337 3655 632 3744 significaverimus,
661 3666 697 3720 ut
720 3657 858 3722 Orosius
882 3679 920 3720 ex
941 3654 1075 3719 arbitrio
1098 3666 1166 3720 tan-

57 3767 125 3822 tum
154 3758 215 3822 sibi
239 3759 366 3823 finxerit
387 3781 550 3837 numeros,
581 3769 612 3822 et
634 3762 821 3824 intentionis
844 3759 974 3824 eosdem
997 3759 1058 3824 sibi
1082 3782 1166 3824 com-

58 3861 192 3947 putandi
221 3863 336 3926 iudicia
366 3862 569 3928 attulerimus.
626 3863 890 3951 Interroganvlum
918 3866 1029 3951 igitur,
1058 3887 1165 3950 quem-

59 3964 233 4030 admodum
261 3970 294 4030 in
322 3970 504 4031 universum
533 3965 643 4030 saltem
668 3967 863 4052 desperatam
885 3966 971 4033 illam
993 3968 1166 4034 chronolo-

58 4072 132 4156 giae
154 4071 266 4134 Nostri
289 4070 505 4135 conditionem
529 4070 738 4156 explicemus?

148 4173 260 4239 Orosii
285 4175 613 4259 prochronismorum,
643 4195 723 4260 quos
745 4173 890 4262 Scaliger
912 4176 1001 4256 dicit,
1032 4175 1164 4261 explica-
