2640 4764
602 183 644 248 83

10 402 16 447 3,
63 359 176 424 forsan
206 359 341 442 cuipiam
370 357 515 423 videatur
544 359 978 440 nonauuusfuisse1169‚
1008 363 1064 428 sed
1089 366 1175 430 1170

64 467 149 544 (100.
175 483 238 527 aer.
263 460 365 540 Cat),
388 484 452 547 quo
476 465 623 527 historias
645 485 718 527 suas
741 465 916 529 confecerit
936 467 1066 532 Noster.
1110 469 1175 533 Ne-

64 587 128 652 que
159 565 290 630 obstant
319 588 399 650 quae
428 566 511 630 facta
534 567 685 654 leguntur
705 570 739 629 in
763 573 866 653 capite
889 569 1017 650 ultimo,
1046 571 1175 638 obstant

65 679 171 734 autem
200 668 336 733 fortasse
358 668 413 732 illa
440 692 548 747 „nunc
570 693 629 756 per
650 670 835 735 biennium“
858 674 949 754 (Vll,
966 677 1017 738 41.
1040 698 1072 760 p.
1085 679 1173 757 579.)

66 772 105 836 dc
129 771 312 837 Gothorum
335 774 368 836 in
390 775 560 860 Hispanias
583 776 773 860 irruptione,
802 798 883 861 quae
907 776 947 841 ad
970 798 1085 842 annum
1108 781 1172 845 417

64 900 95 962 p.
113 875 191 941 Chr.
215 897 275 940 nos
298 879 451 941 reiiciant.
486 878 561 962 Quo
585 877 714 955 accedit,
740 881 827 964 quod
849 880 1061 945 verisimiliter
1084 882 1173 970 siglis

65 991 200 1058 tantum,
229 1001 297 1044 non
327 980 460 1066 syllabis
486 1004 649 1068 expressus
673 982 733 1046 fuit
756 985 787 1046 in
813 983 904 1047 codd.
927 1006 999 1048 mss.
1023 1008 1172 1052 numerus

64 1083 119 1148 ille
148 1083 292 1176 ultimus,
320 1083 375 1148 ubi
400 1084 546 1149 facillime
571 1085 646 1172 quid
669 1096 718 1150 est
739 1089 933 1151 immutatum
955 1090 1075 1152 incuria
1100 1093 1174 1154 scri-

64 1186 186 1251 barum.
232 1187 371 1272 Quibus,
399 1198 492 1273 atque
516 1189 584 1252 aliis
608 1189 647 1253 de
672 1193 787 1267 causis,
811 1213 906 1277 supra
928 1190 1088 1270 iudicatis,
1111 1213 1173 1257 nos

64 1290 191 1376 quidem
213 1293 247 1353 in
270 1312 354 1354 anno
379 1294 441 1357 417
467 1295 701 1378 acquiescimus
739 1294 829 1358 Haeo
852 1294 997 1381 equidem
1018 1294 1172 1376 subiunxi,

64 1404 97 1458 ut
125 1393 336 1482 intelligatur,
372 1396 634 1480 quemadmodum
665 1400 757 1461 etiam
787 1401 862 1462 auni
891 1398 998 1463 mundi
1028 1399 1171 1465 adhiberi

62 1501 190 1582 possint
218 1498 259 1563 ad
289 1498 503 1563 deliniondum
531 1510 667 1586 tempus,
697 1524 760 1585 quo
783 1505 907 1567 Noster
927 1504 1075 1566 historias
1098 1525 1170 1567 suas

14 1678 17 1683 .
61 1600 190 1680 finierit,
213 1602 302 1689 quod
323 1624 401 1666 sane
423 1625 442 1666 a
465 1602 564 1669 Colla
586 1603 606 1667 l.
631 1608 755 1689 saepius
778 1606 799 1669 l.
823 1616 889 1670 not.
914 1609 966 1670 25.
990 1615 1135 1692 negatur.

449 1791 472 1863 §-
491 1794 515 1848 1.
557 1793 784 1851 11111011.

372 1912 488 1969 Orosius
512 1912 559 1969 lib.
572 1913 592 1970 1.
617 1919 677 1970 12.
702 1937 728 1992 p.
741 1917 863 1971 lo-35.

148 2015 287 2079 Brevem
311 2015 399 2080 orbis
418 2027 570 2081 terrarum
588 2018 869 2095 adumbrationem,
893 2039 974 2103 quae
990 2007 1053 2080 ho'c
1068 2020 1170 2103 capite

61 2121 259 2198 eontinetur,
294 2120 428 2184 eandem
459 2142 528 2185 esse
559 2144 627 2185 cum
658 2123 916 2210 cosmographia,
947 2142 1027 2206 quae
1056 2120 1171 2187 dicitur

59 2222 188 2287 Aethici
217 2224 394 2302 cuiusdam,
423 2227 485 2289 iam
514 2225 581 2289 1010
610 2230 704 2312 primi
726 2226 779 2291 vel
801 2228 893 2290 huius
917 2224 969 2288 vel
992 2225 1103 2289 Orosii
1125 2228 1170 2288 vi-

60 2324 139 2391 dere
163 2326 312 2405 editores,
336 2332 489 2413 ancipites
512 2328 560 2392 illi
582 2351 660 2394 vero
684 2341 754 2394 uter
769 2342 872 2394 utrum
889 2329 1097 2413 descripserit,
1121 2327 1170 2392 lu-

58 2429 190 2520 bentius
224 2441 328 2496 tamen
358 2433 510 2497 Orosium
544 2456 601 2498 sua
632 2434 672 2498 ab
701 2433 758 2497 illo
788 2442 962 2498 mutuatum
992 2454 1061 2496 esse
1090 2436 1170 2496 acci-

58 2537 194 2619 pientes·
614 2606 618 2612 ,
824 2595 827 2600 .

150 2639 275 2702 Aethici
301 2660 419 2702 nomen
441 2643 573 2704 maxime
597 2640 712 2703 dubiae
737 2662 812 2703 saue
835 2638 927 2716 fidei,
956 2659 1017 2701 nec
1039 2637 1080 2702 de
1103 2660 1167 2724 quo

60 2745 140 2806 certi
163 2740 331 2827 quidquam
354 2746 456 2829 possit
478 2743 592 2820 allerri,
616 2765 706 2828 quam
730 2742 816 2829 quod
832 2764 867 2806 re
882 2745 949 2826 ipsa
965 2749 1061 2826 patet,
1084 2741 1168 2806 hunc

59 2846 324 2934 cosmographiae
354 2856 529 2925 auctorem,
560 2858 591 2911 et
618 2846 706 2912 illum
730 2849 895 2911 Aethicum
917 2847 1030 2910 Istrum
1054 2867 1071 2907 a
1096 2844 1168 2908 Plu-

58 2950 171 3014 tarcho
197 2961 229 3014 et
251 2951 418 3014 Athenaeo
440 2961 655 3029 memoratum,
682 2951 777 3036 plane
802 2951 942 3015 diversas
966 2971 1035 3014 esse
1058 2971 1168 3035 perso-

58 3075 127 3116 nas.
186 3052 325 3118 Codices
360 3056 422 3117 hoc
455 3078 573 3119 nomen
606 3055 747 3118 iudicare
782 3054 938 3118 videntur.
997 3054 1168 3118 Praeterea

59 3156 210 3221 omnibus
233 3159 465 3221 itinerariorum
490 3158 672 3236 editoribus,
695 3181 713 3221 a
736 3155 872 3222 Simlero
895 3176 996 3240 usque
1020 3155 1060 3219 ad
1079 3154 1168 3220 Con-

57 3260 171 3325 radum
195 3262 352 3340 Mannert,
381 3262 541 3340 Aethicus,
568 3262 830 3349 cosmographiae
854 3269 973 3337 auctor,
996 3262 1086 3344 quasi
1109 3281 1168 3345 po-

58 3367 140 3429 situs
164 3375 221 3430 est:
250 3388 321 3430 eum
344 3389 421 3430 vero
446 3368 547 3444 etiam,
570 3365 656 3451 quod
681 3365 795 3429 dicitur
817 3365 980 3443 Antonhri,
1005 3373 1167 3428 auctorem

59 3490 131 3533 esse
154 3473 317 3546 itinerarii,
342 3472 392 3534 cui
415 3469 601 3555 opusculum
623 3469 704 3534 illud
727 3478 874 3554 tanquam
897 3465 1166 3531 introductionem

57 3574 289 3658 praemisisset,
319 3585 374 3638 aut
403 3577 435 3636 iu
466 3573 594 3637 dubium
617 3583 748 3649 vocant,
780 3582 833 3636 aut
861 3569 997 3655 probare
1027 3572 1165 3635 student.

56 3679 133 3741 Hoc
155 3687 190 3741 ut
212 3699 272 3763 pro
297 3687 383 3740 certo
408 3677 636 3762 exploratoque
659 3677 837 3754 habeamus,
860 3674 893 3738 id
916 3684 952 3738 ut
974 3676 1020 3737 sic
1037 3671 1168 3738 demon-

58 3789 187 3858 straret,
210 3780 290 3844 nulli
312 3780 440 3866 quidem
464 3783 611 3867 contigit;
641 3779 845 3843 nihilominus
869 3789 974 3842 tamen
996 3777 1077 3840 haec
1099 3779 1167 3862 opi-

58 3887 115 3948 nio
140 3885 289 3949 et'nobis
313 3885 438 3949 arridet.

146 3989 276 4053 Nomen
306 3991 467 4075 scriptoris
496 3987 614 4052 nullius
644 3987 726 4064 1010,
760 4008 811 4050 101
839 4006 917 4048 vero
946 3987 1014 4070 ipsa
1042 3985 1166 4047 maximi

57 4088 222 4178 ponderis,
246 4095 394 4178 quoniam
417 4096 444 4157 si
468 4090 603 4158 eundem
627 4112 697 4154 esse
720 4098 881 4154 auctorem
905 4088 1166 4175 cosmographiae

60 4206 92 4260 et
114 4199 270 4262 itinerarii
293 4196 423 4262 credere
446 4196 528 4276 licet,
552 4198 719 4281 quominus
736 4195 887 4259 Orosium
910 4215 967 4258 sua
986 4212 1025 4255 ex
1039 4188 1097 4253 illo
1113 4187 1167 4254 de-

908 4303 929 4363 6
944 4297 965 4341 a
