2640 4764
635 230 698 296 149

106 405 235 471 Gallico
268 416 300 469 et
331 427 387 470 eos
411 407 611 492 supplentem
635 409 728 470 Hirtii
752 406 875 471 librum.
921 406 986 474 Ubi
1009 409 1135 471 minime
1157 406 1214 472 du-

103 511 207 590 bium,
237 513 314 596 quin
337 510 475 574 Orosius
499 510 640 574 Iulianos
665 516 908 576 commentarios
937 534 999 576 una
1027 533 1096 574 cum
1117 511 1213 575 Hirtii

104 613 206 691 libro,
237 615 384 678 Suetonii
414 612 591 699 Tranquilli
621 613 767 679 crederet
796 636 891 701 opus:
919 637 990 678 nam
1019 614 1117 679 verba
1145 616 1212 678 eius

105 723 173 805 ipsa
196 720 259 782 hoc
283 717 366 781 clare
388 717 538 796 indicant,
561 740 665 802 neque
688 718 783 782 ullam
807 718 939 783 fallendi
961 720 1012 782 hic
1027 740 1153 783 causam
1167 720 1214 780 in-

104 823 285 909 telligimus.
342 825 422 886 Post
456 833 716 885 commemoratas
752 825 834 885 enim
868 825 1048 907 provincias
1082 820 1214 886 Caesari

105 925 237 990 traditas
260 929 380 1005 „Hanc,
404 928 513 1011 inquit,
537 926 698 990 historiam
721 926 894 992 Suetonius
919 923 1124 1011 Tranquillus
1145 923 1214 1011 ple-

105 1034 233 1094 nissime
264 1029 427 1116 explicuit,
457 1032 545 1092 cuius
575 1051 635 1093 nos
666 1040 884 1115 competentes
914 1028 1130 1115 portiunculas
1160 1026 1214 1092 de-

105 1138 306 1220 cerpsimus.“
325 1135 381 1214 ¹²⁴)
425 1133 574 1218 Sequitur
597 1144 702 1197 autem
726 1133 847 1218 Caesar
870 1137 948 1219 ipse,
972 1135 1059 1197 cuius
1083 1132 1214 1196 ubicun-

106 1261 167 1323 que
190 1237 288 1302 verba
312 1236 446 1324 singula,
470 1236 635 1325 dictiones,
658 1238 785 1324 periodi
805 1249 837 1301 et
852 1236 915 1300 loci
930 1240 997 1300 sive
1015 1238 1129 1322 partim
1145 1237 1213 1300 sive

106 1346 164 1406 toti
197 1342 347 1426 descripti
372 1341 532 1428 leguntur.
548 1343 612 1422 ¹²⁵).
664 1343 702 1405 ln
725 1341 926 1428 excerpendo
950 1361 1027 1404 vero
1051 1343 1122 1425 ipso
1144 1360 1214 1403 ver-

106 1457 193 1510 satur
215 1447 336 1510 Noster
357 1466 446 1508 more
469 1444 580 1522 solito,
608 1444 778 1508 tolerando
809 1466 885 1508 sane
911 1465 1011 1528 usque
1035 1442 1075 1507 ad
1097 1441 1213 1506 librum

106 1552 404 1614 commentariorum
426 1559 561 1624 sextum,
585 1558 616 1611 at
637 1551 671 1611 in
694 1551 828 1633 septimo
852 1547 1012 1612 levissime
1036 1555 1068 1610 et
1083 1548 1213 1609 maxime

105 1658 279 1727 oscitanter
301 1654 378 1740 agit,
405 1655 547 1737 saepius,
568 1651 708 1716 Caesare
730 1673 797 1715 non
820 1650 994 1729 advocato,
1023 1654 1074 1714 vix
1097 1649 1213 1714 intelli-

104 1756 239 1845 gendus.
291 1755 379 1820 Idem
408 1756 476 1819 fere
504 1759 661 1841 reperitur
690 1758 723 1818 in
752 1756 835 1819 libro
858 1755 967 1833 Hirtii,
1000 1757 1088 1819 cuius
1115 1753 1212 1818 verba

105 1859 233 1946 quidem
261 1863 362 1947 magis
391 1862 517 1944 recipit,
546 1882 638 1945 quam
667 1860 730 1923 hoc
759 1860 875 1925 factum
904 1869 971 1922 erat
997 1861 1032 1922 in
1053 1857 1171 1923 ultimis
1195 1879 1213 1922 o

104 1965 246 2029 Caesare
269 1966 415 2049 sumptis;
445 1963 502 2027 sed
531 1963 586 2027 ubi
611 1972 774 2048 praeterea
798 1984 899 2048 aeque
921 1963 1123 2050 negligenter
1143 1984 1213 2027 ver-

104 2078 200 2147 satuS,
224 2089 324 2153 aeque
348 2070 472 2154 saepius
495 2089 545 2130 res
569 2089 628 2132 suo
653 2089 689 2131 ex
705 2070 836 2154 ingenio
852 2067 952 2131 finxit.
989 2067 1212 2153 Discrepantia

103 2171 267 2258 paulisper
292 2170 485 2256 populorum
508 2194 545 2234 ac
568 2170 681 2235 ducum
706 2193 772 2235 eor.
797 2182 829 2235 et
850 2171 994 2235 locorum
1017 2172 1133 2257 passim
1155 2192 1214 2235 no·

104 2280 189 2340 mina
212 2298 274 2339 nec
295 2279 456 2351 miremur,
480 2297 584 2359 neque
608 2274 701 2338 ullius
725 2277 792 2339 fere
814 2278 967 2340 momenti
990 2284 1072 2339 sunt.

194 2381 326 2443 Exstant
340 2389 445 2443 autem
461 2379 523 2442 huc
537 2381 728 2463 pertinentia
744 2381 778 2442 in
792 2380 916 2444 Nostro
932 2379 953 2443 l.
965 2380 1021 2459 Vl,
1042 2402 1067 2444 c.
1081 2379 1212 2444 7-11.

102 2507 135 2570 p.
148 2484 361 2558 385-409.;
385 2482 440 2546 ubi
464 2485 545 2545 circa
569 2481 696 2569 singula
718 2483 835 2547 haecce
859 2483 1025 2548 observes:

177 2603 224 2673 Vl,
237 2609 262 2661 7.
280 2605 487 2680 p.385-391.:
513 2622 598 2658 annue
622 2613 649 2659 et
673 2624 744 2661 coss.
764 2625 796 2659 ex
814 2604 927 2681 Eutrop.
946 2603 1048 2671 V1‚14.
1067 2601 1159 2658 additi.
1180 2635 1212 2646 -

103 2714 131 2770 p.
142 2691 218 2760 382³
237 2690 319 2766 „lege
331 2688 437 2746 Vatinia
453 2687 564 2744 Caesari
582 2699 651 2745 tres
670 2691 823 2766 provinciae
842 2710 902 2745 cnm
919 2688 1043 2764 legionih.
1063 2699 1167 2766 septem
1183 2690 1212 2744 in

103 2779 316 2854 quinquennium
335 2775 420 2843 datae,
440 2775 526 2831 Gallia
546 2775 721 2853 Transalpina
741 2786 767 2831 et
785 2775 923 2853 Cisalpina
941 2785 969 2830 et
985 2774 1118 2850 Illyricos.
1149 2773 1212 2830 Gal-

103 2863 169 2919 liam
188 2863 353 2918 Commetam
371 2872 466 2939 postea
484 2872 594 2918 senatus
613 2862 718 2919 adiecit.
755 2861 829 2918 Hane
847 2861 987 2918 historiam
994 2864 1010 2890 “
1030 2871 1080 2918 etc.

176 2947 271 3005 Livius
282 2947 464 3005 verisimiliter
473 2948 517 3020 (ut
526 2947 645 3029 ap.·Plut.
653 2948 732 3010 Caes.
744 2951 785 3006 14.
799 2959 826 3006 et
834 2949 915 3010 Dion.
925 2947 1002 3007 Cass.
1012 2946 1163 3017 XXXVIII,
1172 2946 1211 3017 8.)

101 3078 306 3087 .—-------—

177 3161 246 3230 mr)
270 3159 316 3229 vt,
330 3165 354 3216 7.
372 3165 469 3238 pasc.

179 3261 247 3330 125)
270 3259 326 3316 Res
349 3271 488 3337 praeterea
512 3271 565 3316 tam
589 3261 673 3317 lacilis
692 3270 850 3338 perspectu,
875 3269 906 3317 nt
923 3281 988 3316 sane
1005 3261 1142 3326 miremur,
1166 3261 1213 3334 qui

103 3347 191 3406 Colla
210 3347 297 3403 adhuc
315 3347 332 3402 l.
350 3350 457 3423 saepius
476 3346 493 3403 l.
513 3369 538 3425 p.
549 3352 609 3403 512.
629 3347 719 3403 dicere
731 3349 851 3424 potuerit
868 3345 979 3414 „Unter
991 3345 1043 3401 den
1056 3344 1213 3401 Geschicht-

101 3434 273 3502 schreihern,
291 3432 397 3489 welche
415 3432 458 3488 Hir
471 3433 564 3489 diesen
577 3432 773 3490 Zeitahsehnitt
791 3431 855 3501 (lib.
866 3431 911 3501 Vl,
925 3432 976 3501 sc.)
995 3433 1132 3487 benntzt
1145 3451 1214 3487 wer·

102 3520 175 3588 den,
199 3519 285 3574 findet
307 3541 368 3574 man
392 3518 537 3576 Sallustius
561 3521 624 3590 (hei
642 3520 690 3574 der
709 3518 926 3593 Verschwtirung
945 3518 993 3574 des
1012 3517 1120 3574 Catilin.
1139 3537 1161 3574 e.
1174 3515 1214 3586 6.)

102 3605 170 3664 und
195 3606 330 3662 Sueten.
352 3605 572 3681 Tranquillus
600 3605 762 3661 namentlich
785 3605 935 3679 anigelirhrt
960 3604 1025 3661 und
1048 3603 1110 3660 den
1132 3602 1216 3658 letz·

103 3704 181 3748 torn
206 3694 406 3770 excerpirt“.
449 3691 556 3765 Quibus
580 3693 607 3746 in
630 3701 685 3746 not.
704 3694 740 3745 24
770 3690 836 3747 haec
858 3692 925 3747 adeo
949 3691 1047 3746 adiecit
1070 3688 1213 3758 „Ntimlich

102 3780 150 3834 bei
163 3777 280 3833 Caesars
297 3778 451 3853 gallischem
464 3777 564 3852 Kriege
577 3777 680 3833 heilst’s
700 3777 815 3845 ,‚„Hanc
827 3777 922 3833 histor.
936 3809 969 3818 —
982 3776 1214 3854 decerpsimus““.

102 3862 304 3922 Auilallend
326 3866 498 3920 erscheint
521 3884 568 3931 es,
597 3864 654 3919 dass
681 3863 726 3918 hei
749 3863 797 3919 der
819 3860 1068 3938 verbtiltnilsmlilsig
1091 3861 1214 3918 ziemlieh

102 3949 308 4008 ausliihrlichen
320 3950 495 4025 Darstellung
510 3949 599 4005 dieses
611 3949 725 4025 Krieges
744 3950 784 4018 (c.
798 3951 916 4021 7-12.)
935 3948 1073 4006 niemals
1091 3948 1146 4004 auf
1162 3949 1213 4004 die

102 4040 223 4112 cignea
244 4035 665 4093 commentarienCnesars
684 4037 868 4092 vcrwiesen
887 4036 1021 4092 wird!!“
1035 4068 1068 4077 —
1087 4035 1214 4090 Fortasse

102 4123 202 4181 Nostri
221 4122 293 4177 dicto
313 4123 392 4177 etiam
410 4122 526 4178 Sabinus
546 4132 573 4177 et
591 4120 732 4178 Caduceua
750 4120 913 4189 nitebantur,
932 4124 1136 4178 commentarios
1148 4119 1214 4176 Cae-

102 4211 176 4268 saris
201 4208 234 4264 de
256 4207 329 4263 hello
354 4208 458 4263 Gallico
483 4208 516 4263 ad
541 4209 698 4264 Suetonium
721 4207 881 4275 relerentes,
904 4207 938 4264 dc
962 4207 1034 4284 quib.
1054 4216 1081 4262 et
1098 4205 1158 4262 aliis
1180 4205 1211 4261 cl.

102 4297 213 4357 Fabric.
233 4294 297 4352 bibl.
316 4294 361 4352 lat.
381 4293 456 4352 Tem.
469 4293 488 4350 l.
508 4315 533 4372 p.
545 4298 603 4366 lot.
