2640 4764
582 1071 648 1158 H.

58 1249 125 1335 un
152 1247 330 1334 onosn
357 1247 539 1333 imnis
564 1248 772 1335 sumini
796 1248 1169 1336 nrsronnnrn

227 1477 230 1482 v
340 1371 612 1457 intrusis
641 1372 888 1458 ritihus,

541 1596 690 1608 ——q—

518 1780 663 1838 CAPVT
690 1783 712 1837 I.

163 1909 232 1981 DE
259 1906 432 1982 CAVSIS
456 1908 522 1981 ET
549 1907 767 1982 ORIGINE
790 1907 1068 1984 LIBRORVM.

60 2068 224 2207 „Interea
240 2129 344 2201 Roma
352 2134 368 2162 “
384 2128 494 2193 scribit
510 2130 705 2215 Augustinus
719 2128 745 2208 ¹)
764 2127 967 2207 „Gothorum
982 2133 1169 2217 irruptione,

60 2236 227 2321 agentium
242 2232 301 2296 sub
316 2256 393 2322 rege
406 2233 543 2310 Alarico,
559 2242 653 2316 atque
669 2235 789 2318 impetu
802 2256 936 2321 magnae
949 2234 1046 2301 cladis
1058 2258 1169 2301 eversa

62 2347 124 2403 est:
151 2339 239 2400 cuius
263 2340 462 2401 eversionem
485 2336 617 2402 deorum
640 2336 791 2401 falsorum
813 2339 1045 2424 multorumque
1068 2339 1169 2405 culto·

60 2463 123 2517 res
146 2463 228 2526 quos
252 2445 369 2506 usitato
393 2443 521 2505 nomine
544 2442 692 2528 Paganos
714 2463 873 2520 vocamus,
899 2445 934 2507 in
957 2443 1169 2510 Christianam

59 2545 251 2632 religionem
273 2546 393 2609 relerre
412 2555 572 2622 conantes,
595 2545 691 2609 solito
708 2545 852 2610 acerbius
869 2558 900 2610 et
914 2552 1048 2612 amarius
1063 2549 1169 2613 Deum

60 2671 172 2713 verum
201 2648 419 2734 blasphemare
449 2655 659 2733 coeperunt.“
708 2650 864 2714 Videmus
899 2654 997 2738 igitur
1024 2674 1169 2739 paganos

63 2791 104 2805 -
129 2755 176 2816 uti
198 2755 260 2816 iam
283 2754 322 2816 ab
346 2756 437 2817 initio
461 2751 528 2816 lere
549 2752 739 2838 propalatae
761 2763 1021 2841 propagataeque
1039 2754 1170 2842 religio-

61 2859 112 2923 nis
129 2857 339 2934 Christianae,
361 2860 457 2921 variis
481 2878 518 2921 ex
541 2859 644 2921 causis
667 2860 793 2922 accensi
815 2861 862 2923 ira
886 2868 920 2923 et
941 2858 1018 2922 odio
1041 2861 1074 2922 in
1094 2879 1170 2923 con-

62 2961 203 3026 fessores
226 2964 319 3026 unius
341 2962 414 3039 Dei,
436 2966 674 3047 persecutiones
698 2966 924 3038 excitaverant;
950 2973 1016 3027 tum
1040 2962 1168 3027 labante

62 3066 244 3152 republica,
267 3075 459 3152 augescente
481 3086 560 3128 vero
585 3065 734 3143 ecclesia,
756 3069 953 3152 potissimum
977 3090 1072 3152 quum
1093 3077 1169 3154 post

62 3170 202 3236 medium
224 3169 383 3234 saeculum
406 3172 533 3233 tertium
556 3172 677 3255 imperii
693 3171 832 3233 Romani
853 3171 935 3234 fines
959 3171 998 3234 ab
1021 3172 1170 3235 omnibus

62 3275 204 3361 undique
226 3272 375 3362 gentibus
398 3283 624 3358 premerentur,
647 3276 766 3337 maiore
781 3278 1015 3340 insurrexerant
1030 3273 1169 3339 clamore

64 3412 105 3426 -
135 3402 177 3444 ne
206 3390 271 3443 tum
294 3376 436 3462 quidem,
466 3400 560 3462 quum
590 3377 672 3442 adeo
701 3381 860 3463 principes
884 3381 946 3464 ipsi
967 3401 1084 3444 novam
1108 3401 1170 3446 am·

62 3483 147 3568 plexi
176 3492 282 3547 essent
310 3480 490 3558 fidem„ab
519 3481 604 3546 illius
633 3483 835 3568 blasphemiis
866 3485 958 3567 eique
983 3481 1168 3568 ingerendis

63 3589 215 3650 conviciis
239 3586 406 3650 destitisse.
449 3586 536 3649 Nota
560 3608 710 3650 sanares
734 3596 789 3665 est,
812 3589 904 3650 sicuti
928 3597 960 3650 et
981 3595 1079 3649 notae
1101 3588 1169 3671 pio-

62 3713 133 3755 rum
162 3690 327 3754 doctorum
358 3689 529 3776 apologiae
559 3712 577 3752 a
608 3690 808 3754 Tertulliano
839 3712 939 3776 usquc
968 3689 1007 3753 ad
1035 3690 1170 3753 Ambro-

62 3797 143 3858 sium
166 3804 198 3858 et
222 3793 312 3858 alins.
366 3795 511 3857 Attamen
534 3791 625 3856 malis
647 3793 714 3858 fere
738 3797 869 3873 assueti,
899 3797 952 3879 qui
974 3796 1024 3857 vix
1046 3793 1169 3879 paullu-

63 3896 127 3962 lum
152 3901 371 3962 conticuerant
393 3900 519 3985 pagani,
541 3917 629 3960 novo
649 3898 914 3984 acerbissimoque
929 3900 1106 3962 intumuere
1122 3907 1169 3961 tu-

62 4001 172 4080 multu,
196 4024 290 4087 quum
308 4000 424 4065 Alarici
447 4004 531 4089 regis
553 4023 605 4066 res
629 4002 753 4066 lortiter
772 4013 890 4090 gestae,
913 4000 1049 4088 denique
1064 4004 1168 4069 Roma

133 4224 168 4296 l)
190 4224 319 4282 Retractt
338 4225 375 4295 ll,
394 4229 436 4283 43.
