2640 4764
703 191 723 254 4

248 371 348 433 Porro
365 365 508 430 codicum
524 368 814 452 manuscriptorum,
834 366 909 431 iude
925 390 942 430 a
958 369 1174 430 remotissimis
1190 375 1265 430 tem-

159 471 293 562 poribus
315 493 416 556 usque
439 469 662 535 adinventam
685 481 782 535 artem
798 472 1071 557 typographicam,
1095 470 1264 534 multitudo

159 579 309 664 imprimis
331 576 539 653 historiarum,
562 586 655 660 atque
680 597 717 638 ox
738 574 848 638 iisdem
863 578 931 638 sive
946 597 1021 639 vere
1037 586 1265 661 excerptorum,

161 685 228 746 sive
251 679 309 744 sub
326 680 436 744 Orosii
458 681 588 742 nominc
609 688 858 765 propagatorum
881 679 1085 758 (Latinorum
1109 701 1208 763 acque
1229 700 1267 740 ac

162 785 393 861 Gallicorum),
417 782 528 846 Nostri
550 784 768 845 auctoritatem
793 792 837 859 et,
861 792 896 846 ut
917 785 959 845 ita
983 782 1097 859 dicam,
1120 804 1265 868 magnam

161 885 360 975 persaecula
376 884 620 971 popularitatem
636 889 711 949 satis
728 885 932 949 demonstrat.
946 887 986 965 ¹⁴)
1022 888 1107 951 Dein
1124 887 1163 950 ab
1180 907 1265 948 anuo

163 994 248 1057 1471
266 988 423 1076 usquead
440 991 526 1054 1738
548 992 660 1076 viginti
675 1012 729 1053 sex
753 988 909 1054 editiones
931 992 1112 1075 impressae.
1132 992 1171 1069 ¹⁵)
1213 991 1267 1052 lis-

162 1256 217 1310 rint
234 1273 283 1330 per
302 1249 414 1306 saecula.
450 1249 508 1306 Nec
527 1259 577 1318 est,
596 1271 644 1306 cur
662 1252 797 1318 miremur,
816 1251 839 1305 si
852 1249 980 1306 Orosium
998 1253 1026 1306 in
1044 1253 1077 1307 iis
1096 1252 1268 1327 potissimum

162 1341 243 1397 rebus
268 1339 380 1394 ascitum
402 1335 536 1403 videmus,
560 1337 588 1390 in
613 1335 710 1411 quibus
733 1334 865 1392 lustinum
888 1346 996 1393 secutus
1016 1348 1069 1393 est:
1094 1337 1141 1392 ille
1159 1336 1268 1413 quidem

163 1424 349 1490 Christianus,
368 1421 413 1478 hic
431 1441 561 1499 paganum
584 1443 617 1477 an
637 1421 869 1498 compendiosiora
887 1426 966 1478 etiam
984 1423 1133 1479 volueriut?

232 1511 372 1567 Praeterea
396 1511 443 1566 vix
464 1509 586 1576 dubium,
609 1511 673 1584 quin
692 1507 738 1563 alii
756 1507 823 1563 alios
841 1518 949 1585 praeter
966 1531 1048 1587 supra
1066 1509 1189 1565 laudatos
1208 1509 1269 1564 0110-

163 1607 224 1655 rant
241 1600 397 1674 scriptores,
420 1594 550 1651 Nostrum
568 1604 613 1650 aut
631 1615 695 1651 vere
712 1604 758 1650 aut
775 1595 958 1651 verisimiliter
975 1606 1128 1672 sequentes,
1146 1599 1269 1652 citantes.

163 1683 314 1760 Quosdam,
334 1691 364 1738 ut
380 1681 482 1738 Bedam
500 1680 701 1749 Venerabilem,
720 1702 754 1737 ex
771 1683 860 1736 causis
877 1682 957 1738 modo
976 1682 1064 1739 allatis
1083 1686 1170 1739 omisi.

234 1788 285 1858 14)
309 1784 351 1843 Cf.
379 1786 560 1843 Illontlancon.
587 1785 652 1841 bibl.
674 1785 860 1841 bibliothecar.
906 1785 940 1842 Ni
963 1786 1041 1843 fallor
1058 1787 1187 1845 Vaticana
1210 1788 1269 1844 sola

164 1873 316 1951 quindecim
337 1873 459 1950 possidet
477 1873 554 1929 codd.
573 1872 709 1928 historiar.
729 1882 756 1928 et
774 1871 886 1928 alterum
904 1876 1118 1950 antiquissimum
1136 1875 1202 1931 bibl.
1220 1875 1270 1930 Ba-

163 1961 256 2017 silicae
274 1959 302 2017 S.
317 1959 391 2015 Petri
409 1959 517 2016 Romae.
554 1958 584 2014 In
604 1961 715 2015 caeteris
735 1961 845 2037 iusuper
863 1959 955 2015 ltaliae
973 1970 999 2015 et
1013 1960 1160 2017 Galliarum
1179 1963 1270 2038 impri-

161 2050 213 2104 mis
232 2045 406 2102 bibliothecis
420 2045 592 2122 qnadraginta
604 2045 686 2100 ferme
698 2045 765 2101 alios
779 2048 899 2102 enotavit
910 2046 1133 2103 montfauconius.
1163 2046 1271 2122 Lugdu-

161 2153 260 2189 nenses
284 2135 402 2208 quiuque
424 2143 451 2187 et
473 2131 680 2187 Ultraiectinum
702 2131 888 2209 Havercampii
910 2153 965 2188 non
987 2135 1075 2199 novit,
1101 2136 1165 2188 item
1189 2155 1269 2209 quem

162 2221 252 2295 Bayer
271 2221 330 2295 (ap.
349 2217 408 2274 Nic.
427 2217 525 2274 Antan.
545 2216 611 2273 bibl.
630 2216 706 2294 Hisp.
725 2212 817 2274 0011.
836 2223 1042 2295 [1241111012.
1062 2219 1195 2290 0111100.)
1217 2242 1272 2276 me·

162 2317 250 2363 morat
267 2303 482 2361 Escurialensem
502 2304 588 2370 (saec.
601 2302 684 2372 XV),
709 2325 739 2361 ac
757 2304 938 2361 verisimiliter
956 2309 1047 2382 plures
1066 2306 1147 2373 alios,
1172 2309 1217 2382 qui
1237 2308 1270 2363 ab

163 2391 313 2450 editoribus
336 2389 443 2459 Orosii,
466 2391 524 2445 sive
548 2392 594 2465 qui
616 2390 793 2447 instituebant
817 2390 962 2459 editiones,
986 2392 1175 2468 perhibentur,
1200 2403 1232 2449 ut
1255 2415 1268 2449 a

162 2477 321 2553 Bolsuingio
340 2479 437 2546 (1526,
451 2475 522 2544 duo)
541 2474 650 2531 Clerico
668 2478 734 2548 (ms.
749 2476 899 2533 Generens.
913 2476 1012 2546 0101),
1031 2477 1178 2535 llloshemio
1196 2482 1270 2549 (tres

164 2587 206 2645 ap.
225 2563 328 2620 Harles.
351 2584 377 2640 p.
388 2562 475 2631 oto).
515 2560 626 2617 Parisiis
649 2564 677 2617 iu
700 2562 765 2619 bibl.
789 2573 892 2619 tanturn
914 2566 986 2638 regia
1009 2563 1061 2619 XII
1079 2565 1155 2621 codd.
1177 2565 1272 2622 Orosii

164 2651 298 2708 asservari
310 2649 406 2704 scribit
418 2647 458 2704 St.
469 2647 555 2704 Croix
574 2648 631 2716 (011.
645 2651 703 2705 crit.
717 2649 765 2705 des
777 2649 839 2706 hist.
853 2649 921 2705 d'rll.
935 2649 961 2705 10
974 2649 1019 2706 Gr.
1040 2672 1066 2728 p.
1080 2655 1136 2706 121.
1156 2662 1210 2707 1101.
1223 2654 1271 2721 5.),

164 2747 271 2815 praeter
298 2755 366 2811 quos
393 2734 467 2789 Beclr
495 2734 619 2803 (dissert.
639 2737 706 2802 etc.)
733 2735 772 2791 St.
792 2735 954 2792 Genovevae
977 2736 1036 2792 cod:
1060 2737 1170 2794 Parisiis
1193 2739 1270 2794 vidit.

166 2823 279 2880 Grubitz
299 2829 366 2890 (em.
386 2819 484 2885 Oros.)
506 2820 664 2875 Portensem
681 2820 817 2877 iudicarit.
855 2820 911 2876 Nec
929 2820 1052 2890 dubium,
1075 2826 1140 2899 quin
1159 2833 1186 2880 et
1203 2823 1272 2880 aliae

165 2911 243 2986 impr.
268 2905 441 2962 Germanicae
464 2903 643 2961 bibliothecae
668 2905 759 2983 plures
783 2907 937 2961 contineant
958 2906 1045 2963 adhuc
1068 2909 1146 2968 codd.
1168 2909 1272 2979 Nostri,

167 3013 234 3070 quos
253 3013 317 3071 prae
334 2992 406 3058 aliis,
430 3000 543 3068 propter
561 2991 717 3048 deficientes
737 2991 886 3069 catalogos,
909 3014 952 3049 me
970 2993 1134 3071 perlustrare
1152 3017 1205 3051 non
1225 3017 1273 3075 po·

167 3081 266 3147 tuisse,
284 3077 363 3135 valde
381 3076 469 3132 doleo.

238 3183 288 3254 15)
311 3182 355 3239 cf.
374 3182 569 3240 Schhnemann.
588 3183 653 3240 bibl.
667 3195 735 3263 patr.
753 3184 786 3241 Il.
803 3207 830 3263 p.
840 3187 999 3244 188-502.
1023 3189 1070 3264 qui
1087 3187 1175 3243 XXIV
1193 3188 1273 3246 editt.

168 3279 299 3336 recenset,
324 3289 399 3345 quae,
417 3279 523 3346 praeter
542 3269 607 3326 duas
626 3291 736 3327 numero
755 3275 818 3326 anni
836 3282 966 3341 carentes,
984 3273 1165 3330 verisimiliter
1184 3285 1274 3331 autem

169 3377 237 3412 saec.
257 3353 309 3412 XV
327 3354 414 3410 adhuc
432 3354 595 3429 divulgatas,
613 3355 688 3412 hisce
706 3356 867 3435 prodierunt
884 3360 972 3414 annis:
1000 3363 1076 3425 1471,
1095 3362 1173 3426 1483,
1193 3363 1273 3430 1484,

170 3445 252 3508 1100,
276 3445 357 3509 1500,
378 3444 459 3508 1500,
480 3444 561 3509 1510,
584 3445 663 3509 1511,
684 3445 1071 3512 1500,1500,1000,1501,
1092 3447 1284 3515 10101500,

170 3530 251 3597 1500,
271 3530 353 3593 1500,
373 3529 455 3594 1015,
475 3528 557 3594 1010,
578 3527 659 3594 1000,
680 3531 761 3596 1000,
781 3533 864 3597 1011,
884 3531 961 3586 1100.
999 3528 1087 3585 Prima
1106 3528 1275 3598 Germanica,

168 3613 260 3670 ultima
277 3613 378 3668 Batava
397 3620 451 3678 est;
475 3632 543 3687 quae
563 3615 626 3668 anni
645 3617 712 3670 1767
730 3625 821 3671 notam
837 3636 903 3693 prae
921 3635 952 3671 se
968 3614 1021 3670 fert
1039 3614 1079 3670 ed.
1099 3615 1274 3694 Ilavercamp.

170 3698 295 3768 (altera),
313 3697 405 3754 eadem
424 3706 466 3752 est
483 3709 564 3774 atque
582 3697 628 3754 illa
647 3703 708 3756 anni
727 3703 804 3766 1738,
822 3711 951 3757 renovato
965 3710 1067 3756 tantum
1081 3701 1166 3757 titulo.
1199 3700 1275 3756 Omi-

169 3788 206 3841 sit
227 3794 314 3839 tamen
337 3783 523 3839 Schbnemann
548 3783 676 3842 Orosium
698 3788 725 3842 in
748 3785 803 3841 Ioh.
823 3785 855 3841 P.
875 3809 889 3842 a
908 3786 1033 3862 Vorburg
1056 3787 1118 3842 hist.
1141 3786 1275 3853 Romano·

170 3869 343 3926 Germanicae
364 3870 441 3926 Tom.
454 3869 497 3925 Ill.
520 3891 547 3947 p.
560 3872 610 3926 491
630 3893 689 3949 sqq.
713 3871 989 3928 Franooi1650.lol.
1014 3872 1064 3941 (cl.
1084 3871 1187 3929 Fabrie.
1206 3871 1274 3927 bibl.

169 3953 214 4011 lat.
233 3975 259 4030 p.
272 3954 316 4011 IIl.
336 3977 362 4032 p.
371 3959 449 4024 535.)
469 3965 496 4011 et
513 3958 541 4011 in
561 3955 685 4013 Gallandi
703 3956 769 4013 bibl.
787 3978 833 4035 pp.
853 3957 929 4014 Tom.
942 3958 988 4014 IX.
1008 3957 1116 4013 editum.

240 4041 284 4097 De
306 4041 501 4099 translationib.
526 4042 619 4098 Orosii
643 4042 675 4098 cl.
696 4042 882 4099 Schttnemann
900 4043 918 4101 l.
932 4043 948 4100 l.
967 4064 994 4120 p.
1005 4046 1057 4099 503
1070 4064 1130 4119 sqq.
1166 4043 1273 4099 Fabric.

110 4165 112 4170 -
170 4124 234 4182 bibl.
258 4125 302 4182 lat.
325 4126 343 4182 l.
361 4127 378 4183 l.
403 4137 429 4183 01
450 4128 509 4187 Nic.
532 4128 631 4188 Anton.
655 4128 718 4185 bibl.
739 4129 815 4208 Hisp.
834 4140 886 4187 vet.
911 4129 986 4187 Tom.
1000 4130 1019 4186 I.
1042 4150 1069 4206 p.
1082 4133 1133 4186 182
1146 4140 1196 4187 vet.
1220 4131 1275 4184 213

170 4231 231 4270 nov.
251 4211 292 4268 ed.
312 4212 353 4284 (§.'
369 4216 426 4284 17.)
