2640 4764
682 192 746 258 128

164 365 254 436 Plura,
271 377 303 424 ut
319 365 428 436 dimum,
446 367 481 422 ab
498 365 558 423 aliis
576 365 727 439 differunt]
757 365 877 425 Rutilius
891 365 978 425 Rufus
995 368 1024 424 in
1042 367 1170 426 exsilium
1182 367 1269 446 Smyr·

164 472 225 510 uam
242 455 404 529 commigrat.
429 473 483 509 sec.
503 451 561 511 Liv.
580 452 666 511 LXX.

181 607 184 614 .
235 554 270 623 V,
283 557 324 611 18.
342 557 549 632 posu-sto:
577 556 708 613 Bellum
731 557 870 613 sociale.
896 555 1028 635 prodigia.

234 640 314 698 Initio
333 642 429 718 capitis
447 642 528 698 verba
547 642 630 698 habes
642 643 768 721 Eutropii
780 641 815 711 V,
828 647 845 697 2
857 643 915 698 init.
936 675 970 686 -
988 640 1022 699 de
1038 641 1174 720 prodigiis
1193 641 1225 699 ci.
1239 644 1270 698 si-

163 725 254 784 milem
272 737 299 783 et
317 747 465 784 consonum
482 727 531 785 lul.
550 728 617 785 Obs.
642 749 665 786 c.
682 732 740 786 llo.
764 758 798 770 -
820 727 880 786 Liv.
898 729 1006 786 Drusus
1028 730 1091 787 trib.
1110 729 1149 806 pl.
1167 729 1270 788 luterio

165 823 233 870 ctus.
257 814 346 871 eLiv.
367 813 461 871 LXXI.

182 919 282 995 ptos.
309 914 396 972 Italici
414 915 508 993 populi
526 915 662 974 deliciunt.
1082 963 1089 979 .

182 1001 279 1059 Servii.
296 1012 405 1080 praetor
421 1002 600 1079 (proconsi)
619 1025 661 1081 ap.
676 1003 806 1061 Asculum
822 1003 961 1061 occiditur.
993 929 1002 1065 l
1024 982 1039 1018 θ
1056 960 1115 1021 st.
1136 961 1243 1019 mu

182 1089 243 1158 [De
259 1088 312 1144 hoc
330 1087 424 1144 Nostri
443 1088 503 1145 loco
523 1088 557 1146 cl.
576 1088 740 1147 Freinshem.
761 1089 794 1146 ad
812 1089 885 1148 Flor.
904 1089 1069 1162 llt‚1s;9.]

163 1189 319 1267 Prodigium
336 1191 364 1247 iu
382 1190 514 1247 animalib.
527 1190 684 1248 domesticis
702 1193 735 1262 (a
752 1189 809 1250 Liv.
822 1189 966 1262 LXXIII)
986 1192 1031 1263 [ci.
1051 1193 1151 1251 similia
1170 1216 1212 1273 ap.
1224 1193 1269 1251 Iul.

165 1275 234 1334 obs.
253 1298 276 1333 c.
288 1278 339 1331 114
351 1286 432 1347 extu,
453 1287 480 1333 et
497 1277 625 1334 similiora
643 1300 685 1357 ap.
704 1279 816 1356 August
836 1277 870 1334 de
888 1281 938 1337 civ.
952 1280 1006 1336 Dei
1023 1280 1069 1350 III,
1081 1284 1125 1337 23.
1144 1282 1238 1358 p.95.]

182 1379 233 1436 Cn.
251 1378 394 1458 Pompeius
414 1379 507 1437 infelix
525 1390 618 1438 contra
636 1379 769 1438 Picentes.

183 1464 399 1544 Samnites'Pap.
419 1464 550 1535 Mutilum,
850 1468 903 1522 sibi
911 1388 1009 1546 prae-l
1031 1489 1047 1525 e
1061 1467 1122 1526 Liv.
1134 1467 1259 1527 Lxxlt?

181 1551 263 1610 Marsi
282 1552 518 1630 archipiratam
535 1553 806 1628 Agamemnonem
827 1476 838 1613 l
866 1552 969 1611 ficiunt.
999 1536 1008 1625 I

181 1637 266 1695 Iulius
284 1639 384 1695 Caesar
402 1640 496 1697 infelix
515 1649 607 1696 contra
626 1639 768 1695 Samnites.

181 1723 300 1780 Rutilius
324 1745 397 1781 cons.
421 1725 528 1782 insidiis
547 1727 743 1782 circumventus
762 1747 777 1781 a
794 1724 890 1782 Marsis
909 1726 978 1782 occi-

218 1811 291 1867 ditur
308 1811 343 1867 ad
361 1810 494 1868 'l'olcnum
511 1812 575 1869 lluv.

182 1918 209 1975 p.
221 1900 294 1954 337.:
314 1897 413 1954 illarius
430 1898 534 1973 legatus
552 1899 670 1953 victores
690 1899 824 1975 opprimit.
1032 1894 1123 1952 eLiv.
1142 1894 1260 1953 LXXIII.

183 1983 286 2061 Caepio
305 2004 319 2039 a
337 1983 457 2041 Vestinis
476 1995 503 2040 et
520 1983 615 2040 Illarsis
634 1984 791 2041 trucidatus.

181 2069 213 2126 L.
231 2068 280 2126 lul.
298 2068 398 2126 Caesar
416 2071 450 2127 ad
467 2071 625 2127 Aeserniam
643 2073 745 2141 victus,
767 2069 833 2127 felix
851 2069 979 2127 adversus

218 2155 354 2212 Samnites
373 2166 400 2212 et
417 2155 554 2213 Lucanos:
573 2155 674 2213 Romae
692 2177 753 2231 saga
772 2156 903 2234 deposita.

164 2258 265 2316 diarius
283 2257 387 2315 Illarsos
410 2259 502 2315 vincit.
538 2257 616 2314 Sulla
627 2259 660 2327 l)
681 2279 801 2335 magnam
823 2258 858 2314 ad
875 2258 1031 2315 Aeserniam
1048 2266 1173 2334 reportat
1190 2259 1269 2314 victo·

164 2348 239 2402 riam.
262 2365 277 2400 e
295 2342 353 2399 Liv.
372 2342 510 2399 LXXIII?
540 2344 583 2414 Π)
593 2345 665 2422 App.
683 2347 709 2404 b.
723 2367 744 2402 c.
763 2345 864 2413 Lollii
885 2365 911 2401 r.
929 2343 1023 2413 iufra]
1055 2342 1106 2400 Cu.
1127 2343 1266 2422 Pompeius

164 2431 291 2487 Picentes
307 2428 412 2507 proelio
425 2428 525 2485 lunditz
543 2441 652 2488 senatus
665 2430 813 2487 laticlavias
825 2440 875 2487 etc.
888 2433 1008 2487 resumit.
1021 2462 1055 2472 -
1074 2429 1190 2487 Porcius
1204 2430 1267 2487 Cato

164 2527 248 2596 praet.
267 2517 408 2583 Etruscos,
431 2514 534 2572 Plotius
553 2516 631 2592 legat.
649 2516 768 2573 Umbros
786 2519 905 2573 vincunt.
925 2550 958 2561 -
976 2518 1085 2594 p.33}.=
1105 2515 1157 2573 Cn.
1171 2517 1267 2594 Pomp,

165 2604 241 2660 Porc.
262 2601 366 2660 Catone
384 2623 454 2660 coss.
474 2601 616 2681 Pompeius
638 2603 673 2659 ad
690 2603 819 2660 Asculum
838 2606 920 2660 vincit
938 2613 988 2659 etc.
1012 2602 1062 2671 (ci.
1082 2624 1124 2659 ox.
1143 2624 1182 2679 gr.
1202 2605 1266 2682 App.

165 2692 191 2748 b.
204 2712 226 2747 c.
246 2690 323 2758 tsi.
336 2693 371 2746 48
384 2701 411 2746 et
422 2691 478 2759 50.)
502 2689 588 2746 eLiv.
600 2687 723 2748 LXXIV.
744 2688 844 2760 [ulti]
860 2723 892 2735 -
911 2712 936 2768 p.
946 2691 1020 2745 asoa
1040 2688 1216 2747 Posthumius
1227 2689 1268 2747 Al·

164 2777 244 2834 binus
263 2786 352 2845 „tunc
371 2776 463 2833 Sullae
480 2775 583 2850 legatus
590 2777 606 2804 “
618 2777 634 2808 I
639 2776 651 2846 )
669 2798 684 2831 a
702 2776 833 2835 militibus
851 2778 967 2833 occisus.
1001 2774 1078 2832 Sulla
1096 2775 1266 2846 ‚,cons.“**)

164 2884 284 2938 magnam
302 2862 336 2919 de
348 2861 489 2919 Samnitib.
508 2871 536 2917 et
552 2862 674 2919 lucentio
693 2863 872 2934 (CluentioI)
890 2864 1031 2920 victoriam
1049 2872 1178 2939 reportat.
1209 2863 1268 2920 Por·

166 2952 223 3005 cius
243 2947 312 3003 Cato
330 2957 423 3004 contra
441 2947 545 3002 Marsos
563 2968 612 3025 per
629 2948 707 3007 illarii
725 2949 763 3006 lil.
782 2948 861 3004 cadit.
880 2981 913 2993 ·-
932 2969 987 3005 sec.
1005 2946 1064 3005 Liv.
1082 2947 1197 3008 LXXV.

236 3035 287 3102 Γ)
300 3033 348 3100 aa)
371 3032 442 3089 llaec
461 3035 484 3089 si
500 3033 532 3090 cf.
547 3055 568 3089 c.
582 3035 652 3112 App.
665 3035 690 3091 b.
704 3057 726 3092 e.
739 3035 759 3103 l,-
771 3039 807 3090 50
819 3045 847 3090 et
859 3039 902 3092 51.
922 3045 949 3091 et
966 3056 988 3093 c.
1002 3037 1065 3112 epit
1079 3033 1138 3092 Liv.
1151 3035 1265 3104 Lm,

164 3140 230 3177 sane
247 3118 314 3175 salsa
331 3119 464 3176 videntur.
495 3120 577 3194 Quod
595 3124 672 3178 etiam
685 3124 824 3198 sequeutia
836 3121 1020 3178 demonstrant
1032 3121 1065 3178 de
1078 3120 1186 3179 Catone
1198 3144 1265 3180 con·

165 3206 251 3275 sule,
274 3209 392 3282 quinon
412 3228 434 3262 c.
453 3206 529 3263 Sulla
549 3228 622 3264 cons.
642 3218 711 3274 erat,
735 3207 785 3264 sed
803 3208 851 3279 (ot
869 3217 897 3264 et
914 3209 1007 3279 autea)
1027 3228 1049 3264 e.
1069 3207 1121 3265 Cn.
1141 3209 1264 3289 Pompelo

165 3313 234 3351 anuo
253 3302 315 3349 ante
332 3295 447 3371 primum
465 3293 557 3349 Sullae
575 3292 763 3364 consulatum]

237 3377 267 3434 C.
283 3378 345 3448 (A.)
358 3377 488 3434 Gabinius
507 3379 584 3455 legat.
603 3383 632 3436 in
651 3389 790 3457 expugnat.
810 3390 922 3437 castros.
938 3381 1104 3439 interiectus.
1132 3382 1264 3462 Sulpicius

164 3465 242 3541 legat.
261 3464 395 3542 Pompeii,
419 3464 598 3534 Marrucinos,
617 3465 746 3523 Vestinos
769 3477 868 3534 vastat;
890 3487 916 3544 p.
930 3472 1006 3525 340st
1029 3468 1223 3546 Pompaedium
1245 3479 1265 3527 ct

164 3551 309 3608 Obsidium
325 3550 361 3605 ad
378 3551 475 3606 flumen
491 3550 628 3607 Theannm
647 3555 782 3630 opprimit.
814 3553 957 3633 Pompeius
975 3553 1106 3611 Asculum
1124 3559 1264 3634 ingressus,

165 3637 327 3716 supplicium
344 3639 426 3692 sumit
444 3635 477 3693 de
489 3636 641 3706 Asculanis,
659 3640 761 3715 (egeno
773 3649 860 3696 autern
872 3642 973 3696 aerario
988 3661 1042 3697 non
1055 3643 1193 3715 subvenit,
1209 3665 1264 3722 qua·

164 3734 279 3802 prepter
299 3723 357 3778 loca
380 3723 487 3801 publica
510 3724 537 3779 iu
559 3727 672 3782 circuitu
695 3726 826 3804 Capitolii
847 3729 971 3785 auctione
992 3727 1155 3812 vepdnntur.
1202 3731 1265 3789 Num

56 3794 65 3813 '
165 3809 265 3878 urere)
288 3807 380 3865 suiv.
398 3807 521 3866 uxxvi

237 3903 286 3972 [ln
305 3903 427 3960 omuibus
445 3903 488 3960 his
508 3905 632 3961 debello
650 3907 744 3963 sociali
761 3909 889 3976 narratis,
912 3909 940 3963 in
958 3910 1053 3984 quavis
1071 3908 1129 3966 iere
1147 3908 1263 3988 periodo,

166 4000 193 4046 et
204 3989 288 4066 -quod
311 3988 344 4045 ad
366 4011 410 4047 res
428 3994 515 4068 ipsas,
539 4001 566 4047 et
588 3992 660 4068 quod
679 3993 713 4048 ad
731 4015 821 4051 carum
839 3997 1055 4052 consecutionem
1072 4001 1193 4074 pertinet
1210 4015 1265 4054 cou-

164 4079 317 4143 versiones,
342 4075 506 4134 discedentia
530 4082 688 4148 cuncteris,
711 4079 755 4136 vel
776 4101 906 4157 nusquam
924 4081 989 4138 alibi
1006 4085 1140 4140 exstantia
1159 4084 1265 4161 reperis·

128 4222 130 4226 ,
165 4161 236 4219 Sane
251 4161 359 4220 ¹Livium
379 4183 456 4221 suum
474 4174 583 4221 secutus
602 4164 792 4236 morosius,
815 4167 862 4225 ubi
880 4166 1101 4240 dolemusvero,
1126 4169 1201 4249 quod
1216 4185 1264 4226 nou

165 4248 265 4326 ubique
282 4251 481 4308 accuratissime
497 4261 620 4310 versatus
639 4271 700 4310 esse
718 4253 860 4325 videatur]
968 4292 971 4297 -
