<?xml version="1.0" encoding="UTF-8"?>
<!DOCTYPE html PUBLIC "-//W3C//DTD XHTML 1.0 Transitional//EN"
    "http://www.w3.org/TR/xhtml1/DTD/xhtml1-transitional.dtd">
<html xmlns="http://www.w3.org/1999/xhtml" xml:lang="en" lang="en">
 <head>
  <title>
</title>
<meta http-equiv="Content-Type" content="text/html;charset=utf-8" />
  <meta name='ocr-system' content='tesseract 3.04.00' />
  <meta name='ocr-capabilities' content='ocr_page ocr_carea ocr_par ocr_line ocrx_word'/>
</head>
<body>
  <div class='ocr_page' id='page_1' title='image "./deorosiivitaeiu00mrgoog_0119.png"; bbox 0 0 2640 4764; ppageno 0'>
   <div class='ocr_carea' id='block_1_1' title="bbox 633 213 696 281">
    <p class='ocr_par' dir='ltr' id='par_1_1' title="bbox 633 213 696 281">
     <span class='ocr_line' id='line_1_1' title="bbox 633 213 696 281; baseline 0.016 -1"><span class='ocrx_word' id='word_1_1' title='bbox 633 213 696 281; x_wconf 81' lang='lat'><strong>106</strong></span> 
     </span>
    </p>
   </div>
   <div class='ocr_carea' id='block_1_2' title="bbox 107 390 1217 1622">
    <p class='ocr_par' dir='ltr' id='par_1_2' title="bbox 108 390 1217 1307">
     <span class='ocr_line' id='line_1_2' title="bbox 112 390 1217 476; baseline 0.007 -24"><span class='ocrx_word' id='word_1_2' title='bbox 112 393 230 466; x_wconf 88' lang='lat' dir='ltr'><strong>simum,</strong></span> <span class='ocrx_word' id='word_1_3' title='bbox 254 390 341 476; x_wconf 93' lang='lat' dir='ltr'><strong>qnod</strong></span> <span class='ocrx_word' id='word_1_4' title='bbox 363 392 455 455; x_wconf 91' lang='lat' dir='ltr'><strong>buius</strong></span> <span class='ocrx_word' id='word_1_5' title='bbox 478 391 530 455; x_wconf 89' lang='lat' dir='ltr'><strong>vel</strong></span> <span class='ocrx_word' id='word_1_6' title='bbox 553 391 638 456; x_wconf 91' lang='lat' dir='ltr'><strong>illius</strong></span> <span class='ocrx_word' id='word_1_7' title='bbox 662 393 800 455; x_wconf 90' lang='lat' dir='ltr'><strong>auctoris</strong></span> <span class='ocrx_word' id='word_1_8' title='bbox 814 391 856 469; x_wconf 80' lang='lat'><strong>⁸⁴)</strong></span> <span class='ocrx_word' id='word_1_9' title='bbox 880 393 994 457; x_wconf 89' lang='lat' dir='ltr'><strong>lactum</strong></span> <span class='ocrx_word' id='word_1_10' title='bbox 1019 394 1081 458; x_wconf 87' lang='lat' dir='ltr'><strong>bac</strong></span> <span class='ocrx_word' id='word_1_11' title='bbox 1098 393 1152 460; x_wconf 90' lang='lat' dir='ltr'><strong>vel</strong></span> <span class='ocrx_word' id='word_1_12' title='bbox 1168 395 1217 460; x_wconf 90' lang='lat' dir='ltr'><strong>illa</strong></span> 
     </span>
     <span class='ocr_line' id='line_1_3' title="bbox 111 494 1216 582; baseline 0.005 -24"><span class='ocrx_word' id='word_1_13' title='bbox 111 495 221 559; x_wconf 84' lang='lat' dir='ltr'>Nostri</span> <span class='ocrx_word' id='word_1_14' title='bbox 251 494 402 559; x_wconf 85' lang='lat' dir='ltr'><strong>reddatur</strong></span> <span class='ocrx_word' id='word_1_15' title='bbox 424 498 550 570; x_wconf 85' lang='lat' dir='ltr'><strong>notitia;</strong></span> <span class='ocrx_word' id='word_1_16' title='bbox 581 495 720 582; x_wconf 89' lang='lat' dir='ltr'><strong>denique</strong></span> <span class='ocrx_word' id='word_1_17' title='bbox 743 497 794 559; x_wconf 90' lang='lat' dir='ltr'><strong>cni</strong></span> <span class='ocrx_word' id='word_1_18' title='bbox 817 494 1058 582; x_wconf 90' lang='lat' dir='ltr'><strong>deperditorum</strong></span> <span class='ocrx_word' id='word_1_19' title='bbox 1080 500 1165 563; x_wconf 87' lang='lat' dir='ltr'><strong>Livii</strong></span> <span class='ocrx_word' id='word_1_20' title='bbox 1187 499 1216 564; x_wconf 91' lang='lat' dir='ltr'><strong>li-</strong></span> 
     </span>
     <span class='ocr_line' id='line_1_4' title="bbox 110 599 1216 684; baseline 0.005 -22"><span class='ocrx_word' id='word_1_21' title='bbox 110 599 239 664; x_wconf 90' lang='lat' dir='ltr'><strong>brorum</strong></span> <span class='ocrx_word' id='word_1_22' title='bbox 262 603 329 664; x_wconf 89' lang='lat' dir='ltr'><strong>sive</strong></span> <span class='ocrx_word' id='word_1_23' title='bbox 353 601 415 664; x_wconf 92' lang='lat' dir='ltr'><strong>boc</strong></span> <span class='ocrx_word' id='word_1_24' title='bbox 436 602 504 664; x_wconf 86' lang='lat' dir='ltr'><strong>sive</strong></span> <span class='ocrx_word' id='word_1_25' title='bbox 527 599 605 664; x_wconf 90' lang='lat' dir='ltr'><strong>illud</strong></span> <span class='ocrx_word' id='word_1_26' title='bbox 630 600 746 664; x_wconf 92' lang='lat' dir='ltr'><strong>debeat</strong></span> <span class='ocrx_word' id='word_1_27' title='bbox 761 599 907 664; x_wconf 85' lang='lat' dir='ltr'><strong>Orosius.</strong></span> <span class='ocrx_word' id='word_1_28' title='bbox 946 600 1019 684; x_wconf 86' lang='lat' dir='ltr'><strong>Qua</strong></span> <span class='ocrx_word' id='word_1_29' title='bbox 1042 605 1078 666; x_wconf 91' lang='lat' dir='ltr'><strong>in</strong></span> <span class='ocrx_word' id='word_1_30' title='bbox 1099 626 1137 668; x_wconf 90' lang='lat' dir='ltr'><strong>re</strong></span> <span class='ocrx_word' id='word_1_31' title='bbox 1159 607 1216 668; x_wconf 90' lang='lat' dir='ltr'><strong>sin-</strong></span> 
     </span>
     <span class='ocr_line' id='line_1_5' title="bbox 111 701 1215 794; baseline 0.007 -29"><span class='ocrx_word' id='word_1_32' title='bbox 111 701 186 790; x_wconf 82' lang='lat' dir='ltr'><strong>gula</strong></span> <span class='ocrx_word' id='word_1_33' title='bbox 209 701 346 767; x_wconf 90' lang='lat' dir='ltr'><strong>indicem</strong></span> <span class='ocrx_word' id='word_1_34' title='bbox 368 714 503 784; x_wconf 90' lang='lat' dir='ltr'><strong>tantum,</strong></span> <span class='ocrx_word' id='word_1_35' title='bbox 529 727 589 770; x_wconf 91' lang='lat' dir='ltr'><strong>nec</strong></span> <span class='ocrx_word' id='word_1_36' title='bbox 610 727 688 768; x_wconf 89' lang='lat' dir='ltr'><strong>vere</strong></span> <span class='ocrx_word' id='word_1_37' title='bbox 711 723 865 788; x_wconf 85' lang='lat' dir='ltr'>exponam</span> <span class='ocrx_word' id='word_1_38' title='bbox 889 726 1021 770; x_wconf 91' lang='lat' dir='ltr'><strong>necesse</strong></span> <span class='ocrx_word' id='word_1_39' title='bbox 1044 717 1102 786; x_wconf 84' lang='lat' dir='ltr'><strong>est,</strong></span> <span class='ocrx_word' id='word_1_40' title='bbox 1126 731 1215 794; x_wconf 90' lang='lat' dir='ltr'><strong>quum</strong></span> 
     </span>
     <span class='ocr_line' id='line_1_6' title="bbox 110 808 1215 898; baseline 0.008 -30"><span class='ocrx_word' id='word_1_41' title='bbox 110 809 142 869; x_wconf 92' lang='lat' dir='ltr'><strong>in</strong></span> <span class='ocrx_word' id='word_1_42' title='bbox 166 808 283 870; x_wconf 90' lang='lat' dir='ltr'><strong>Livio</strong></span> <span class='ocrx_word' id='word_1_43' title='bbox 311 814 496 894; x_wconf 90' lang='lat' dir='ltr'><strong>praesertim</strong></span> <span class='ocrx_word' id='word_1_44' title='bbox 527 809 632 873; x_wconf 85' lang='lat' dir='ltr'><strong>ubivis</strong></span> <span class='ocrx_word' id='word_1_45' title='bbox 659 808 789 874; x_wconf 86' lang='lat' dir='ltr'><strong>uberior</strong></span> <span class='ocrx_word' id='word_1_46' title='bbox 812 819 1072 896; x_wconf 87' lang='lat' dir='ltr'><strong>argumentorum</strong></span> <span class='ocrx_word' id='word_1_47' title='bbox 1096 817 1215 898; x_wconf 86' lang='lat' dir='ltr'><strong>exposi-</strong></span> 
     </span>
     <span class='ocr_line' id='line_1_7' title="bbox 109 915 1214 1002; baseline 0.005 -29"><span class='ocrx_word' id='word_1_48' title='bbox 109 915 155 973; x_wconf 90' lang='lat' dir='ltr'><strong>tio</strong></span> <span class='ocrx_word' id='word_1_49' title='bbox 185 916 429 977; x_wconf 82' lang='lat' dir='ltr'><strong>commentarios</strong></span> <span class='ocrx_word' id='word_1_50' title='bbox 457 915 623 990; x_wconf 87' lang='lat' dir='ltr'><strong>maximos,</strong></span> <span class='ocrx_word' id='word_1_51' title='bbox 651 924 747 998; x_wconf 90' lang='lat' dir='ltr'><strong>atque</strong></span> <span class='ocrx_word' id='word_1_52' title='bbox 773 916 879 999; x_wconf 87' lang='lat' dir='ltr'><strong>ipsum</strong></span> <span class='ocrx_word' id='word_1_53' title='bbox 909 923 1073 978; x_wconf 83' lang='lat' dir='ltr'><strong>auctorem</strong></span> <span class='ocrx_word' id='word_1_54' title='bbox 1103 938 1214 1002; x_wconf 92' lang='lat' dir='ltr'><strong>prope·</strong></span> 
     </span>
     <span class='ocr_line' id='line_1_8' title="bbox 110 1014 1213 1103; baseline 0.006 -26"><span class='ocrx_word' id='word_1_55' title='bbox 110 1014 237 1079; x_wconf 89' lang='lat' dir='ltr'><strong>modurn</strong></span> <span class='ocrx_word' id='word_1_56' title='bbox 260 1039 405 1082; x_wconf 89' lang='lat' dir='ltr'><strong>recusum</strong></span> <span class='ocrx_word' id='word_1_57' title='bbox 428 1017 653 1103; x_wconf 83' lang='lat' dir='ltr'><strong>expostularet.</strong></span> <span class='ocrx_word' id='word_1_58' title='bbox 691 1016 846 1102; x_wconf 85' lang='lat' dir='ltr'><strong>Equidem</strong></span> <span class='ocrx_word' id='word_1_59' title='bbox 868 1039 947 1082; x_wconf 89' lang='lat' dir='ltr'><strong>vero</strong></span> <span class='ocrx_word' id='word_1_60' title='bbox 970 1040 1129 1103; x_wconf 83' lang='lat' dir='ltr'><strong>nusquam</strong></span> <span class='ocrx_word' id='word_1_61' title='bbox 1152 1023 1213 1084; x_wconf 87' lang='lat' dir='ltr'><strong>sine</strong></span> 
     </span>
     <span class='ocr_line' id='line_1_9' title="bbox 110 1121 1212 1206; baseline 0.005 -25"><span class='ocrx_word' id='word_1_62' title='bbox 110 1140 202 1182; x_wconf 92' lang='lat' dir='ltr'><strong>causa</strong></span> <span class='ocrx_word' id='word_1_63' title='bbox 234 1121 316 1184; x_wconf 89' lang='lat' dir='ltr'><strong>iusta</strong></span> <span class='ocrx_word' id='word_1_64' title='bbox 351 1131 405 1185; x_wconf 91' lang='lat' dir='ltr'><strong>aut</strong></span> <span class='ocrx_word' id='word_1_65' title='bbox 437 1124 505 1186; x_wconf 90' lang='lat' dir='ltr'><strong>sine</strong></span> <span class='ocrx_word' id='word_1_66' title='bbox 540 1132 686 1185; x_wconf 85' lang='lat' dir='ltr'><strong>accurata</strong></span> <span class='ocrx_word' id='word_1_67' title='bbox 720 1123 935 1206; x_wconf 83' lang='lat' dir='ltr'><strong>pensitatione</strong></span> <span class='ocrx_word' id='word_1_68' title='bbox 967 1144 1074 1186; x_wconf 92' lang='lat' dir='ltr'><strong>rerum</strong></span> <span class='ocrx_word' id='word_1_69' title='bbox 1103 1122 1212 1186; x_wconf 90' lang='lat' dir='ltr'><strong>indicia</strong></span> 
     </span>
     <span class='ocr_line' id='line_1_10' title="bbox 108 1222 238 1307; baseline 0.015 -23"><span class='ocrx_word' id='word_1_70' title='bbox 108 1222 238 1307; x_wconf 91' lang='lat' dir='ltr'><strong>protuli.</strong></span> 
     </span>
    </p>

    <p class='ocr_par' dir='ltr' id='par_1_3' title="bbox 107 1327 1212 1622">
     <span class='ocr_line' id='line_1_11' title="bbox 196 1327 1212 1417; baseline 0.002 -27"><span class='ocrx_word' id='word_1_71' title='bbox 196 1327 377 1412; x_wconf 78' lang='lat' dir='ltr'><strong>Sequuntur</strong></span> <span class='ocrx_word' id='word_1_72' title='bbox 405 1331 503 1417; x_wconf 80' lang='lat' dir='ltr'><strong>igitur</strong></span> <span class='ocrx_word' id='word_1_73' title='bbox 530 1329 593 1393; x_wconf 93' lang='lat' dir='ltr'><strong>loci</strong></span> <span class='ocrx_word' id='word_1_74' title='bbox 623 1330 775 1395; x_wconf 90' lang='lat' dir='ltr'><strong>Orosiani</strong></span> <span class='ocrx_word' id='word_1_75' title='bbox 804 1329 967 1393; x_wconf 87' lang='lat' dir='ltr'><strong>historiam</strong></span> <span class='ocrx_word' id='word_1_76' title='bbox 990 1329 1171 1393; x_wconf 86' lang='lat' dir='ltr'><strong>Romanam</strong></span> <span class='ocrx_word' id='word_1_77' title='bbox 1197 1350 1212 1392; x_wconf 88' lang='lat' dir='ltr'><strong>e</strong></span> 
     </span>
     <span class='ocr_line' id='line_1_12' title="bbox 107 1431 1211 1519; baseline 0.002 -25"><span class='ocrx_word' id='word_1_78' title='bbox 107 1432 200 1496; x_wconf 85' lang='lat' dir='ltr'><strong>Livio</strong></span> <span class='ocrx_word' id='word_1_79' title='bbox 224 1431 418 1518; x_wconf 89' lang='lat' dir='ltr'><strong>desumptam</strong></span> <span class='ocrx_word' id='word_1_80' title='bbox 442 1435 656 1512; x_wconf 85' lang='lat' dir='ltr'><strong>continentes,</strong></span> <span class='ocrx_word' id='word_1_81' title='bbox 685 1436 731 1498; x_wconf 91' lang='lat' dir='ltr'><strong>uti</strong></span> <span class='ocrx_word' id='word_1_82' title='bbox 754 1454 825 1497; x_wconf 90' lang='lat' dir='ltr'><strong>sese</strong></span> <span class='ocrx_word' id='word_1_83' title='bbox 849 1434 1009 1517; x_wconf 85' lang='lat' dir='ltr'><strong>excipiunt</strong></span> <span class='ocrx_word' id='word_1_84' title='bbox 1031 1454 1092 1519; x_wconf 93' lang='lat' dir='ltr'><strong>per</strong></span> <span class='ocrx_word' id='word_1_85' title='bbox 1116 1442 1211 1497; x_wconf 90' lang='lat' dir='ltr'><strong>totum</strong></span> 
     </span>
     <span class='ocr_line' id='line_1_13' title="bbox 109 1534 608 1622; baseline 0.006 -23"><span class='ocrx_word' id='word_1_86' title='bbox 109 1556 204 1622; x_wconf 93' lang='lat' dir='ltr'><strong>opus,</strong></span> <span class='ocrx_word' id='word_1_87' title='bbox 226 1534 386 1600; x_wconf 87' lang='lat' dir='ltr'><strong>adnotatis</strong></span> <span class='ocrx_word' id='word_1_88' title='bbox 409 1535 608 1603; x_wconf 90' lang='lat' dir='ltr'><strong>adnotandis.</strong></span> 
     </span>
    </p>
   </div>
   <div class='ocr_carea' id='block_1_3' title="bbox 103 1691 1212 3930">
    <p class='ocr_par' dir='ltr' id='par_1_4' title="bbox 104 1691 1212 3393">
     <span class='ocr_line' id='line_1_14' title="bbox 178 1691 1212 1770; baseline -0.001 -22"><span class='ocrx_word' id='word_1_89' title='bbox 178 1692 294 1749; x_wconf 88' lang='lat' dir='ltr'><strong>Orosius</strong></span> <span class='ocrx_word' id='word_1_90' title='bbox 318 1692 445 1748; x_wconf 82' lang='lat' dir='ltr'><strong>historias</strong></span> <span class='ocrx_word' id='word_1_91' title='bbox 466 1692 599 1749; x_wconf 89' lang='lat' dir='ltr'><strong>Romanas</strong></span> <span class='ocrx_word' id='word_1_92' title='bbox 623 1691 694 1750; x_wconf 90' lang='lat' dir='ltr'><strong>libro</strong></span> <span class='ocrx_word' id='word_1_93' title='bbox 719 1691 838 1748; x_wconf 88' lang='lat' dir='ltr'><strong>secundo</strong></span> <span class='ocrx_word' id='word_1_94' title='bbox 863 1713 919 1770; x_wconf 85' lang='lat' dir='ltr'><strong>cap.</strong></span> <span class='ocrx_word' id='word_1_95' title='bbox 934 1695 959 1748; x_wconf 76' lang='grc'><strong>4.</strong></span> <span class='ocrx_word' id='word_1_96' title='bbox 982 1692 1094 1770; x_wconf 85' lang='lat' dir='ltr'><strong>incipit,</strong></span> <span class='ocrx_word' id='word_1_97' title='bbox 1120 1710 1212 1768; x_wconf 87' lang='lat' dir='ltr'><strong>easque</strong></span> 
     </span>
     <span class='ocr_line' id='line_1_15' title="bbox 106 1776 1212 1858; baseline -0.002 -24"><span class='ocrx_word' id='word_1_98' title='bbox 106 1778 159 1834; x_wconf 88' lang='lat' dir='ltr'><strong>boc</strong></span> <span class='ocrx_word' id='word_1_99' title='bbox 178 1789 205 1834; x_wconf 88' lang='lat' dir='ltr'><strong>et</strong></span> <span class='ocrx_word' id='word_1_100' title='bbox 222 1780 346 1855; x_wconf 88' lang='lat' dir='ltr'><strong>sequenti</strong></span> <span class='ocrx_word' id='word_1_101' title='bbox 364 1780 452 1857; x_wconf 90' lang='lat' dir='ltr'><strong>capite</strong></span> <span class='ocrx_word' id='word_1_102' title='bbox 471 1782 579 1856; x_wconf 87' lang='lat' dir='ltr'><strong>quinto,</strong></span> <span class='ocrx_word' id='word_1_103' title='bbox 597 1789 691 1858; x_wconf 85' lang='lat' dir='ltr'><strong>postea</strong></span> <span class='ocrx_word' id='word_1_104' title='bbox 711 1777 869 1835; x_wconf 91' lang='lat' dir='ltr'><strong>duodecimo</strong></span> <span class='ocrx_word' id='word_1_105' title='bbox 890 1788 916 1834; x_wconf 85' lang='lat' dir='ltr'><strong>et</strong></span> <span class='ocrx_word' id='word_1_106' title='bbox 934 1777 1038 1835; x_wconf 85' lang='lat' dir='ltr'><strong>decimo</strong></span> <span class='ocrx_word' id='word_1_107' title='bbox 1059 1780 1156 1838; x_wconf 80' lang='lat' dir='ltr'><strong>tertio.</strong></span> <span class='ocrx_word' id='word_1_108' title='bbox 1174 1776 1212 1832; x_wconf 89' lang='lat' dir='ltr'><strong>de·</strong></span> 
     </span>
     <span class='ocr_line' id='line_1_16' title="bbox 107 1863 1212 1943; baseline -0.003 -22"><span class='ocrx_word' id='word_1_109' title='bbox 107 1867 189 1941; x_wconf 89' lang='lat' dir='ltr'><strong>nique</strong></span> <span class='ocrx_word' id='word_1_110' title='bbox 212 1865 314 1922; x_wconf 89' lang='lat' dir='ltr'><strong>decimo</strong></span> <span class='ocrx_word' id='word_1_111' title='bbox 337 1886 409 1922; x_wconf 90' lang='lat' dir='ltr'><strong>nono</strong></span> <span class='ocrx_word' id='word_1_112' title='bbox 432 1868 465 1922; x_wconf 85' lang='lat' dir='ltr'><strong>ab</strong></span> <span class='ocrx_word' id='word_1_113' title='bbox 485 1867 551 1922; x_wconf 90' lang='lat' dir='ltr'><strong>urbe</strong></span> <span class='ocrx_word' id='word_1_114' title='bbox 569 1866 676 1922; x_wconf 91' lang='lat' dir='ltr'><strong>condita</strong></span> <span class='ocrx_word' id='word_1_115' title='bbox 699 1865 733 1921; x_wconf 83' lang='lat' dir='ltr'><strong>ad</strong></span> <span class='ocrx_word' id='word_1_116' title='bbox 752 1866 844 1922; x_wconf 85' lang='lat' dir='ltr'><strong>urbem</strong></span> <span class='ocrx_word' id='word_1_117' title='bbox 867 1863 986 1920; x_wconf 87' lang='lat' dir='ltr'><strong>aGallis</strong></span> <span class='ocrx_word' id='word_1_118' title='bbox 1006 1873 1114 1943; x_wconf 86' lang='lat' dir='ltr'><strong>captam</strong></span> <span class='ocrx_word' id='word_1_119' title='bbox 1133 1863 1212 1933; x_wconf 65' lang='lat' dir='ltr'><strong>ducib</strong></span> 
     </span>
     <span class='ocr_line' id='line_1_17' title="bbox 108 1950 1211 2028; baseline -0.004 -20"><span class='ocrx_word' id='word_1_120' title='bbox 108 1973 175 2028; x_wconf 88' lang='lat' dir='ltr'><strong>quae</strong></span> <span class='ocrx_word' id='word_1_121' title='bbox 197 1952 362 2028; x_wconf 81' lang='lat' dir='ltr'><strong>singulorum</strong></span> <span class='ocrx_word' id='word_1_122' title='bbox 380 1952 510 2008; x_wconf 84' lang='lat' dir='ltr'><strong>laetorum</strong></span> <span class='ocrx_word' id='word_1_123' title='bbox 528 1955 634 2009; x_wconf 83' lang='lat' dir='ltr'><strong>maximi</strong></span> <span class='ocrx_word' id='word_1_124' title='bbox 653 1954 680 2008; x_wconf 93' lang='lat' dir='ltr'><strong>in</strong></span> <span class='ocrx_word' id='word_1_125' title='bbox 699 1952 779 2008; x_wconf 89' lang='lat' dir='ltr'><strong>rebus</strong></span> <span class='ocrx_word' id='word_1_126' title='bbox 799 1953 918 2008; x_wconf 84' lang='lat' dir='ltr'><strong>externis</strong></span> <span class='ocrx_word' id='word_1_127' title='bbox 936 1953 1065 2007; x_wconf 89' lang='lat' dir='ltr'><strong>momenti</strong></span> <span class='ocrx_word' id='word_1_128' title='bbox 1084 1950 1139 2006; x_wconf 90' lang='lat' dir='ltr'><strong>sibi</strong></span> <span class='ocrx_word' id='word_1_129' title='bbox 1158 1969 1211 2007; x_wconf 82' lang='lat' dir='ltr'><strong>esse</strong></span> 
     </span>
     <span class='ocr_line' id='line_1_18' title="bbox 106 2037 1212 2117; baseline -0.004 -21"><span class='ocrx_word' id='word_1_130' title='bbox 106 2039 263 2096; x_wconf 82' lang='lat' dir='ltr'><strong>riderentur</strong></span> <span class='ocrx_word' id='word_1_131' title='bbox 281 2059 296 2095; x_wconf 88' lang='lat' dir='ltr'><strong>e</strong></span> <span class='ocrx_word' id='word_1_132' title='bbox 313 2038 385 2096; x_wconf 83' lang='lat' dir='ltr'><strong>Livii</strong></span> <span class='ocrx_word' id='word_1_133' title='bbox 404 2042 522 2115; x_wconf 85' lang='lat' dir='ltr'><strong>quinque.</strong></span> <span class='ocrx_word' id='word_1_134' title='bbox 540 2039 617 2096; x_wconf 93' lang='lat' dir='ltr'><strong>libris</strong></span> <span class='ocrx_word' id='word_1_135' title='bbox 635 2041 729 2117; x_wconf 90' lang='lat' dir='ltr'><strong>primis</strong></span> <span class='ocrx_word' id='word_1_136' title='bbox 748 2058 860 2106; x_wconf 89' lang='lat' dir='ltr'><strong>eruens,</strong></span> <span class='ocrx_word' id='word_1_137' title='bbox 882 2040 957 2094; x_wconf 85' lang='lat' dir='ltr'><strong>euius</strong></span> <span class='ocrx_word' id='word_1_138' title='bbox 976 2058 1020 2093; x_wconf 91' lang='lat' dir='ltr'><strong>res</strong></span> <span class='ocrx_word' id='word_1_139' title='bbox 1041 2037 1212 2113; x_wconf 87' lang='lat' dir='ltr'><strong>ordinemque</strong></span> 
     </span>
     <span class='ocr_line' id='line_1_19' title="bbox 106 2123 1211 2203; baseline -0.005 -21"><span class='ocrx_word' id='word_1_140' title='bbox 106 2146 195 2182; x_wconf 91' lang='lat' dir='ltr'><strong>rerum</strong></span> <span class='ocrx_word' id='word_1_141' title='bbox 218 2145 295 2203; x_wconf 85' lang='lat' dir='ltr'><strong>quam</strong></span> <span class='ocrx_word' id='word_1_142' title='bbox 317 2127 430 2181; x_wconf 81' lang='lat' dir='ltr'><strong>maxime</strong></span> <span class='ocrx_word' id='word_1_143' title='bbox 453 2127 624 2195; x_wconf 89' lang='lat' dir='ltr'><strong>observabat,</strong></span> <span class='ocrx_word' id='word_1_144' title='bbox 647 2127 728 2182; x_wconf 83' lang='lat' dir='ltr'><strong>verba</strong></span> <span class='ocrx_word' id='word_1_145' title='bbox 750 2127 851 2193; x_wconf 90' lang='lat' dir='ltr'><strong>rarius,</strong></span> <span class='ocrx_word' id='word_1_146' title='bbox 873 2123 956 2180; x_wconf 75' lang='lat' dir='ltr'><strong>l&#39;loro</strong></span> <span class='ocrx_word' id='word_1_147' title='bbox 974 2126 1000 2179; x_wconf 89' lang='lat' dir='ltr'><strong>ei</strong></span> <span class='ocrx_word' id='word_1_148' title='bbox 1018 2124 1211 2189; x_wconf 87' lang='lat' dir='ltr'><strong>subiuneto,a</strong></span> 
     </span>
     <span class='ocr_line' id='line_1_20' title="bbox 107 2208 1211 2288; baseline -0.005 -20"><span class='ocrx_word' id='word_1_149' title='bbox 107 2233 160 2288; x_wconf 92' lang='lat' dir='ltr'><strong>quo</strong></span> <span class='ocrx_word' id='word_1_150' title='bbox 183 2212 264 2268; x_wconf 83' lang='lat' dir='ltr'><strong>verba</strong></span> <span class='ocrx_word' id='word_1_151' title='bbox 286 2211 433 2280; x_wconf 89' lang='lat' dir='ltr'><strong>interdurn,</strong></span> <span class='ocrx_word' id='word_1_152' title='bbox 457 2215 543 2269; x_wconf 85' lang='lat' dir='ltr'><strong>rarius</strong></span> <span class='ocrx_word' id='word_1_153' title='bbox 562 2212 630 2268; x_wconf 86' lang='lat' dir='ltr'><strong>lucta</strong></span> <span class='ocrx_word' id='word_1_154' title='bbox 649 2212 825 2268; x_wconf 87' lang='lat' dir='ltr'><strong>mutuabatur.</strong></span> <span class='ocrx_word' id='word_1_155' title='bbox 868 2209 950 2285; x_wconf 80' lang='lat' dir='ltr'><strong>Quod</strong></span> <span class='ocrx_word' id='word_1_156' title='bbox 969 2211 1020 2264; x_wconf 87' lang='lat' dir='ltr'><strong>iarn</strong></span> <span class='ocrx_word' id='word_1_157' title='bbox 1040 2219 1101 2265; x_wconf 90' lang='lat' dir='ltr'><strong>toto</strong></span> <span class='ocrx_word' id='word_1_158' title='bbox 1121 2230 1156 2266; x_wconf 80' lang='lat' dir='ltr'><strong>ex</strong></span> <span class='ocrx_word' id='word_1_159' title='bbox 1173 2208 1211 2264; x_wconf 86' lang='lat' dir='ltr'><strong>ba·</strong></span> 
     </span>
     <span class='ocr_line' id='line_1_21' title="bbox 105 2293 1211 2376; baseline -0.005 -22"><span class='ocrx_word' id='word_1_160' title='bbox 105 2299 164 2355; x_wconf 89' lang='lat' dir='ltr'><strong>bitu</strong></span> <span class='ocrx_word' id='word_1_161' title='bbox 182 2298 277 2354; x_wconf 86' lang='lat' dir='ltr'><strong>lrornm</strong></span> <span class='ocrx_word' id='word_1_162' title='bbox 296 2300 413 2375; x_wconf 92' lang='lat' dir='ltr'><strong>quinque</strong></span> <span class='ocrx_word' id='word_1_163' title='bbox 432 2297 525 2354; x_wconf 89' lang='lat' dir='ltr'><strong>Orosii</strong></span> <span class='ocrx_word' id='word_1_164' title='bbox 544 2302 659 2376; x_wconf 88' lang='lat' dir='ltr'><strong>capitum</strong></span> <span class='ocrx_word' id='word_1_165' title='bbox 679 2298 773 2365; x_wconf 91' lang='lat' dir='ltr'><strong>elucet,</strong></span> <span class='ocrx_word' id='word_1_166' title='bbox 793 2316 906 2373; x_wconf 89' lang='lat' dir='ltr'><strong>quorum</strong></span> <span class='ocrx_word' id='word_1_167' title='bbox 923 2305 1077 2371; x_wconf 83' lang='lat' dir='ltr'><strong>argumenta</strong></span> <span class='ocrx_word' id='word_1_168' title='bbox 1095 2295 1168 2352; x_wconf 86' lang='lat' dir='ltr'><strong>Livii</strong></span> <span class='ocrx_word' id='word_1_169' title='bbox 1185 2293 1211 2349; x_wconf 90' lang='lat' dir='ltr'><strong>li·</strong></span> 
     </span>
     <span class='ocr_line' id='line_1_22' title="bbox 106 2383 1210 2462; baseline -0.005 -22"><span class='ocrx_word' id='word_1_170' title='bbox 106 2386 162 2442; x_wconf 89' lang='lat' dir='ltr'><strong>bris</strong></span> <span class='ocrx_word' id='word_1_171' title='bbox 186 2386 355 2440; x_wconf 83' lang='lat' dir='ltr'><strong>exactissime</strong></span> <span class='ocrx_word' id='word_1_172' title='bbox 375 2384 547 2462; x_wconf 89' lang='lat' dir='ltr'><strong>respondent.</strong></span> <span class='ocrx_word' id='word_1_173' title='bbox 589 2385 685 2462; x_wconf 85' lang='lat' dir='ltr'><strong>Capita</strong></span> <span class='ocrx_word' id='word_1_174' title='bbox 704 2386 774 2439; x_wconf 88' lang='lat' dir='ltr'><strong>enim</strong></span> <span class='ocrx_word' id='word_1_175' title='bbox 792 2385 810 2436; x_wconf 84' lang='grc'>4</span> <span class='ocrx_word' id='word_1_176' title='bbox 828 2393 854 2438; x_wconf 92' lang='lat' dir='ltr'><strong>et</strong></span> <span class='ocrx_word' id='word_1_177' title='bbox 872 2386 888 2436; x_wconf 99' lang='grc'>5</span> <span class='ocrx_word' id='word_1_178' title='bbox 907 2383 977 2439; x_wconf 89' lang='lat' dir='ltr'><strong>Livii</strong></span> <span class='ocrx_word' id='word_1_179' title='bbox 994 2383 1082 2438; x_wconf 86' lang='lat' dir='ltr'><strong>libros</strong></span> <span class='ocrx_word' id='word_1_180' title='bbox 1103 2383 1210 2459; x_wconf 90' lang='lat' dir='ltr'><strong>primum</strong></span> 
     </span>
     <span class='ocr_line' id='line_1_23' title="bbox 107 2470 1212 2548; baseline -0.004 -22"><span class='ocrx_word' id='word_1_181' title='bbox 107 2480 134 2527; x_wconf 86' lang='lat' dir='ltr'><strong>et</strong></span> <span class='ocrx_word' id='word_1_182' title='bbox 158 2471 318 2538; x_wconf 88' lang='lat' dir='ltr'><strong>secundum,</strong></span> <span class='ocrx_word' id='word_1_183' title='bbox 342 2474 428 2548; x_wconf 85' lang='lat' dir='ltr'><strong>capita</strong></span> <span class='ocrx_word' id='word_1_184' title='bbox 448 2475 481 2526; x_wconf 79' lang='lat'><strong>12</strong></span> <span class='ocrx_word' id='word_1_185' title='bbox 501 2481 529 2527; x_wconf 90' lang='lat' dir='ltr'><strong>et</strong></span> <span class='ocrx_word' id='word_1_186' title='bbox 548 2475 581 2527; x_wconf 85' lang='lat'><strong>13</strong></span> <span class='ocrx_word' id='word_1_187' title='bbox 603 2471 689 2527; x_wconf 89' lang='lat' dir='ltr'><strong>libros</strong></span> <span class='ocrx_word' id='word_1_188' title='bbox 706 2470 779 2529; x_wconf 85' lang='lat' dir='ltr'><strong>Livii</strong></span> <span class='ocrx_word' id='word_1_189' title='bbox 802 2473 910 2527; x_wconf 89' lang='lat' dir='ltr'><strong>tertium</strong></span> <span class='ocrx_word' id='word_1_190' title='bbox 929 2480 956 2526; x_wconf 90' lang='lat' dir='ltr'><strong>et</strong></span> <span class='ocrx_word' id='word_1_191' title='bbox 974 2479 1113 2545; x_wconf 90' lang='lat' dir='ltr'><strong>quartum,</strong></span> <span class='ocrx_word' id='word_1_192' title='bbox 1137 2476 1212 2545; x_wconf 83' lang='lat' dir='ltr'><strong>caput</strong></span> 
     </span>
     <span class='ocr_line' id='line_1_24' title="bbox 107 2555 1212 2635; baseline -0.004 -22"><span class='ocrx_word' id='word_1_193' title='bbox 107 2558 201 2630; x_wconf 86' lang='lat' dir='ltr'><strong>Orosii</strong></span> <span class='ocrx_word' id='word_1_194' title='bbox 221 2561 253 2612; x_wconf 83' lang='lat'><strong>19</strong></span> <span class='ocrx_word' id='word_1_195' title='bbox 271 2557 341 2613; x_wconf 90' lang='lat' dir='ltr'><strong>Livii</strong></span> <span class='ocrx_word' id='word_1_196' title='bbox 358 2557 455 2615; x_wconf 92' lang='lat' dir='ltr'><strong>librum</strong></span> <span class='ocrx_word' id='word_1_197' title='bbox 476 2560 597 2635; x_wconf 89' lang='lat' dir='ltr'><strong>quintum</strong></span> <span class='ocrx_word' id='word_1_198' title='bbox 615 2557 739 2615; x_wconf 87' lang='lat' dir='ltr'><strong>reddunt.</strong></span> <span class='ocrx_word' id='word_1_199' title='bbox 776 2557 833 2613; x_wconf 88' lang='lat' dir='ltr'><strong>Nec</strong></span> <span class='ocrx_word' id='word_1_200' title='bbox 852 2578 915 2613; x_wconf 87' lang='lat' dir='ltr'><strong>casu</strong></span> <span class='ocrx_word' id='word_1_201' title='bbox 933 2556 1031 2612; x_wconf 88' lang='lat' dir='ltr'><strong>factum</strong></span> <span class='ocrx_word' id='word_1_202' title='bbox 1050 2555 1168 2624; x_wconf 88' lang='lat' dir='ltr'><strong>credam,</strong></span> <span class='ocrx_word' id='word_1_203' title='bbox 1185 2563 1212 2610; x_wconf 89' lang='lat' dir='ltr'><strong>nt</strong></span> 
     </span>
     <span class='ocr_line' id='line_1_25' title="bbox 105 2642 1212 2712; baseline -0.002 -12"><span class='ocrx_word' id='word_1_204' title='bbox 105 2644 152 2700; x_wconf 90' lang='lat' dir='ltr'><strong>ubl</strong></span> <span class='ocrx_word' id='word_1_205' title='bbox 177 2643 209 2700; x_wconf 90' lang='lat' dir='ltr'><strong>ad</strong></span> <span class='ocrx_word' id='word_1_206' title='bbox 234 2664 332 2701; x_wconf 83' lang='lat' dir='ltr'><strong>novum</strong></span> <span class='ocrx_word' id='word_1_207' title='bbox 354 2642 425 2700; x_wconf 90' lang='lat' dir='ltr'><strong>Livii</strong></span> <span class='ocrx_word' id='word_1_208' title='bbox 450 2643 548 2700; x_wconf 92' lang='lat' dir='ltr'><strong>librum</strong></span> <span class='ocrx_word' id='word_1_209' title='bbox 571 2656 679 2701; x_wconf 86' lang='lat' dir='ltr'><strong>rentum</strong></span> <span class='ocrx_word' id='word_1_210' title='bbox 704 2655 759 2712; x_wconf 86' lang='lat' dir='ltr'><strong>est,</strong></span> <span class='ocrx_word' id='word_1_211' title='bbox 782 2644 899 2699; x_wconf 87' lang='lat' dir='ltr'><strong>Orosius</strong></span> <span class='ocrx_word' id='word_1_212' title='bbox 922 2663 1052 2698; x_wconf 89' lang='lat' dir='ltr'><strong>annorum</strong></span> <span class='ocrx_word' id='word_1_213' title='bbox 1076 2661 1212 2698; x_wconf 87' lang='lat' dir='ltr'><strong>numerum</strong></span> 
     </span>
     <span class='ocr_line' id='line_1_26' title="bbox 105 2728 1211 2809; baseline -0.004 -23"><span class='ocrx_word' id='word_1_214' title='bbox 105 2732 181 2802; x_wconf 86' lang='lat' dir='ltr'><strong>(sive</strong></span> <span class='ocrx_word' id='word_1_215' title='bbox 199 2733 328 2809; x_wconf 90' lang='lat' dir='ltr'><strong>temporis</strong></span> <span class='ocrx_word' id='word_1_216' title='bbox 347 2732 485 2800; x_wconf 87' lang='lat' dir='ltr'><strong>notitiam)</strong></span> <span class='ocrx_word' id='word_1_217' title='bbox 504 2734 699 2808; x_wconf 85' lang='lat' dir='ltr'><strong>praeposuerit.</strong></span> <span class='ocrx_word' id='word_1_218' title='bbox 741 2730 809 2787; x_wconf 86' lang='lat' dir='ltr'><strong>Nam</strong></span> <span class='ocrx_word' id='word_1_219' title='bbox 826 2732 867 2786; x_wconf 91' lang='lat' dir='ltr'><strong>sic</strong></span> <span class='ocrx_word' id='word_1_220' title='bbox 885 2732 912 2785; x_wconf 86' lang='lat' dir='ltr'><strong>in</strong></span> <span class='ocrx_word' id='word_1_221' title='bbox 931 2738 1058 2785; x_wconf 85' lang='lat' dir='ltr'><strong>contextu</strong></span> <span class='ocrx_word' id='word_1_222' title='bbox 1078 2728 1211 2784; x_wconf 88' lang='lat' dir='ltr'><strong>Orosiano</strong></span> 
     </span>
     <span class='ocr_line' id='line_1_27' title="bbox 105 2816 1211 2894; baseline -0.005 -21"><span class='ocrx_word' id='word_1_223' title='bbox 105 2816 176 2873; x_wconf 89' lang='lat' dir='ltr'><strong>Livii</strong></span> <span class='ocrx_word' id='word_1_224' title='bbox 200 2816 286 2873; x_wconf 91' lang='lat' dir='ltr'><strong>libros</strong></span> <span class='ocrx_word' id='word_1_225' title='bbox 309 2816 455 2873; x_wconf 86' lang='lat' dir='ltr'><strong>secundum</strong></span> <span class='ocrx_word' id='word_1_226' title='bbox 475 2819 518 2894; x_wconf 92' lang='lat' dir='ltr'><strong>(p.</strong></span> <span class='ocrx_word' id='word_1_227' title='bbox 529 2820 586 2883; x_wconf 89' lang='grc'><strong>96.)</strong></span> <span class='ocrx_word' id='word_1_228' title='bbox 611 2827 637 2872; x_wconf 87' lang='lat' dir='ltr'><strong>et</strong></span> <span class='ocrx_word' id='word_1_229' title='bbox 661 2827 783 2894; x_wconf 90' lang='lat' dir='ltr'><strong>quartum</strong></span> <span class='ocrx_word' id='word_1_230' title='bbox 802 2819 843 2894; x_wconf 88' lang='lat' dir='ltr'><strong>(p.</strong></span> <span class='ocrx_word' id='word_1_231' title='bbox 855 2817 928 2884; x_wconf 76' lang='lat'><strong>122.)</strong></span> <span class='ocrx_word' id='word_1_232' title='bbox 948 2837 962 2871; x_wconf 89' lang='lat' dir='ltr'><strong>a</strong></span> <span class='ocrx_word' id='word_1_233' title='bbox 981 2817 1068 2893; x_wconf 90' lang='lat' dir='ltr'><strong>primo</strong></span> <span class='ocrx_word' id='word_1_234' title='bbox 1087 2825 1116 2870; x_wconf 90' lang='lat' dir='ltr'><strong>et</strong></span> <span class='ocrx_word' id='word_1_235' title='bbox 1134 2816 1211 2871; x_wconf 90' lang='lat' dir='ltr'><strong>tertio</strong></span> 
     </span>
     <span class='ocr_line' id='line_1_28' title="bbox 105 2900 1210 2980; baseline -0.005 -19"><span class='ocrx_word' id='word_1_236' title='bbox 105 2905 208 2961; x_wconf 83' lang='lat' dir='ltr'><strong>divisos</strong></span> <span class='ocrx_word' id='word_1_237' title='bbox 227 2905 339 2959; x_wconf 87' lang='lat' dir='ltr'><strong>invenis.</strong></span> <span class='ocrx_word' id='word_1_238' title='bbox 376 2903 470 2979; x_wconf 90' lang='lat' dir='ltr'><strong>Neque</strong></span> <span class='ocrx_word' id='word_1_239' title='bbox 489 2904 664 2958; x_wconf 89' lang='lat' dir='ltr'><strong>omittendum</strong></span> <span class='ocrx_word' id='word_1_240' title='bbox 682 2913 760 2980; x_wconf 91' lang='lat' dir='ltr'><strong>puto,</strong></span> <span class='ocrx_word' id='word_1_241' title='bbox 780 2902 909 2958; x_wconf 90' lang='lat' dir='ltr'><strong>Orosium</strong></span> <span class='ocrx_word' id='word_1_242' title='bbox 928 2923 987 2958; x_wconf 90' lang='lat' dir='ltr'><strong>eum</strong></span> <span class='ocrx_word' id='word_1_243' title='bbox 1005 2901 1074 2957; x_wconf 91' lang='lat' dir='ltr'><strong>urbe</strong></span> <span class='ocrx_word' id='word_1_244' title='bbox 1092 2923 1108 2957; x_wconf 92' lang='lat' dir='ltr'><strong>a</strong></span> <span class='ocrx_word' id='word_1_245' title='bbox 1128 2900 1210 2957; x_wconf 87' lang='lat' dir='ltr'><strong>Gallis</strong></span> 
     </span>
     <span class='ocr_line' id='line_1_29' title="bbox 106 2987 1210 3068; baseline -0.003 -21"><span class='ocrx_word' id='word_1_246' title='bbox 106 2999 181 3068; x_wconf 83' lang='lat' dir='ltr'><strong>capta</strong></span> <span class='ocrx_word' id='word_1_247' title='bbox 199 2988 295 3045; x_wconf 91' lang='lat' dir='ltr'><strong>librum</strong></span> <span class='ocrx_word' id='word_1_248' title='bbox 315 2989 427 3055; x_wconf 88' lang='lat' dir='ltr'><strong>liniisse,</strong></span> <span class='ocrx_word' id='word_1_249' title='bbox 447 3008 526 3065; x_wconf 90' lang='lat' dir='ltr'><strong>quum</strong></span> <span class='ocrx_word' id='word_1_250' title='bbox 546 2999 572 3044; x_wconf 91' lang='lat' dir='ltr'><strong>et</strong></span> <span class='ocrx_word' id='word_1_251' title='bbox 585 2987 677 3044; x_wconf 89' lang='lat' dir='ltr'><strong>Livius</strong></span> <span class='ocrx_word' id='word_1_252' title='bbox 697 2988 759 3044; x_wconf 89' lang='lat' dir='ltr'><strong>inde</strong></span> <span class='ocrx_word' id='word_1_253' title='bbox 778 2991 854 3065; x_wconf 90' lang='lat' dir='ltr'><strong>quasi</strong></span> <span class='ocrx_word' id='word_1_254' title='bbox 872 3009 970 3046; x_wconf 86' lang='lat' dir='ltr'><strong>novum</strong></span> <span class='ocrx_word' id='word_1_255' title='bbox 990 2990 1126 3065; x_wconf 86' lang='lat' dir='ltr'><strong>inceperit</strong></span> <span class='ocrx_word' id='word_1_256' title='bbox 1137 3007 1210 3064; x_wconf 85' lang='lat' dir='ltr'><strong>opus,</strong></span> 
     </span>
     <span class='ocr_line' id='line_1_30' title="bbox 105 3073 1210 3154; baseline -0.004 -22"><span class='ocrx_word' id='word_1_257' title='bbox 105 3079 231 3154; x_wconf 87' lang='lat' dir='ltr'><strong>quoniam</strong></span> <span class='ocrx_word' id='word_1_258' title='bbox 253 3075 389 3144; x_wconf 89' lang='lat' dir='ltr'><strong>„clariora</strong></span> <span class='ocrx_word' id='word_1_259' title='bbox 412 3075 539 3152; x_wconf 90' lang='lat' dir='ltr'><strong>deinceps</strong></span> <span class='ocrx_word' id='word_1_260' title='bbox 564 3077 731 3151; x_wconf 91' lang='lat' dir='ltr'><strong>certioraque</strong></span> <span class='ocrx_word' id='word_1_261' title='bbox 753 3077 787 3132; x_wconf 89' lang='lat' dir='ltr'><strong>ab</strong></span> <span class='ocrx_word' id='word_1_262' title='bbox 810 3074 928 3132; x_wconf 89' lang='lat' dir='ltr'><strong>secunda</strong></span> <span class='ocrx_word' id='word_1_263' title='bbox 946 3076 1063 3149; x_wconf 79' lang='lat' dir='ltr'><strong>origine,</strong></span> <span class='ocrx_word' id='word_1_264' title='bbox 1086 3074 1163 3131; x_wconf 84' lang='lat' dir='ltr'><strong>velut</strong></span> <span class='ocrx_word' id='word_1_265' title='bbox 1180 3073 1210 3128; x_wconf 83' lang='lat' dir='ltr'><strong>ab</strong></span> 
     </span>
     <span class='ocr_line' id='line_1_31' title="bbox 104 3154 1210 3241; baseline -0.004 -21"><span class='ocrx_word' id='word_1_266' title='bbox 104 3163 235 3241; x_wconf 85' lang='lat' dir='ltr'><strong>stirpibus</strong></span> <span class='ocrx_word' id='word_1_267' title='bbox 253 3162 349 3219; x_wconf 89' lang='lat' dir='ltr'><strong>laetius</strong></span> <span class='ocrx_word' id='word_1_268' title='bbox 368 3161 536 3238; x_wconf 85' lang='lat' dir='ltr'><strong>feraciusque</strong></span> <span class='ocrx_word' id='word_1_269' title='bbox 554 3172 660 3216; x_wconf 88' lang='lat' dir='ltr'><strong>renatae</strong></span> <span class='ocrx_word' id='word_1_270' title='bbox 679 3162 763 3228; x_wconf 87' lang='lat' dir='ltr'><strong>urbis,</strong></span> <span class='ocrx_word' id='word_1_271' title='bbox 781 3171 855 3236; x_wconf 83' lang='lat' dir='ltr'><strong>gesta</strong></span> <span class='ocrx_word' id='word_1_272' title='bbox 874 3161 946 3216; x_wconf 89' lang='lat' dir='ltr'><strong>domi</strong></span> <span class='ocrx_word' id='word_1_273' title='bbox 963 3159 1153 3237; x_wconf 86' lang='lat' dir='ltr'><strong>militiaeqne“</strong></span> <span class='ocrx_word' id='word_1_274' title='bbox 1169 3154 1210 3228; x_wconf 74' lang='grc'><strong>85)</strong></span> 
     </span>
     <span class='ocr_line' id='line_1_32' title="bbox 104 3246 1210 3328; baseline -0.005 -21"><span class='ocrx_word' id='word_1_275' title='bbox 104 3260 307 3328; x_wconf 85' lang='lat' dir='ltr'><strong>exponerentur.</strong></span> <span class='ocrx_word' id='word_1_276' title='bbox 343 3248 398 3303; x_wconf 84' lang='lat' dir='ltr'><strong>lam</strong></span> <span class='ocrx_word' id='word_1_277' title='bbox 416 3248 488 3324; x_wconf 91' lang='lat' dir='ltr'><strong>qnod</strong></span> <span class='ocrx_word' id='word_1_278' title='bbox 507 3246 540 3302; x_wconf 90' lang='lat' dir='ltr'><strong>ad</strong></span> <span class='ocrx_word' id='word_1_279' title='bbox 553 3247 655 3323; x_wconf 84' lang='lat' dir='ltr'><strong>singula</strong></span> <span class='ocrx_word' id='word_1_280' title='bbox 668 3257 773 3327; x_wconf 85' lang='lat' dir='ltr'><strong>spectat</strong></span> <span class='ocrx_word' id='word_1_281' title='bbox 784 3248 880 3304; x_wconf 91' lang='lat' dir='ltr'><strong>horum</strong></span> <span class='ocrx_word' id='word_1_282' title='bbox 894 3247 987 3304; x_wconf 91' lang='lat' dir='ltr'><strong>Orosii</strong></span> <span class='ocrx_word' id='word_1_283' title='bbox 1000 3249 1130 3324; x_wconf 88' lang='lat' dir='ltr'><strong>capitum,</strong></span> <span class='ocrx_word' id='word_1_284' title='bbox 1148 3247 1210 3302; x_wconf 86' lang='lat' dir='ltr'><strong>lraec</strong></span> 
     </span>
     <span class='ocr_line' id='line_1_33' title="bbox 104 3337 321 3393; baseline -0.018 0"><span class='ocrx_word' id='word_1_285' title='bbox 104 3337 160 3393; x_wconf 88' lang='lat' dir='ltr'><strong>lere</strong></span> <span class='ocrx_word' id='word_1_286' title='bbox 179 3337 321 3392; x_wconf 86' lang='lat' dir='ltr'><strong>observes:</strong></span> 
     </span>
    </p>

    <p class='ocr_par' dir='ltr' id='par_1_5' title="bbox 104 3416 1208 3674">
     <span class='ocr_line' id='line_1_34' title="bbox 175 3416 1208 3498; baseline -0.004 -20"><span class='ocrx_word' id='word_1_287' title='bbox 175 3422 208 3490; x_wconf 89' lang='lat' dir='ltr'><strong>ll,</strong></span> <span class='ocrx_word' id='word_1_288' title='bbox 221 3425 247 3476; x_wconf 84' lang='grc'><strong>4.</strong></span> <span class='ocrx_word' id='word_1_289' title='bbox 265 3442 291 3498; x_wconf 94' lang='lat' dir='ltr'><strong>p.</strong></span> <span class='ocrx_word' id='word_1_290' title='bbox 301 3423 344 3476; x_wconf 75' lang='lat'><strong>92.</strong></span> <span class='ocrx_word' id='word_1_291' title='bbox 364 3416 516 3488; x_wconf 84' lang='lat' dir='ltr'><strong>„Romulus</strong></span> <span class='ocrx_word' id='word_1_292' title='bbox 539 3418 680 3475; x_wconf 83' lang='lat' dir='ltr'><strong>interfecto</strong></span> <span class='ocrx_word' id='word_1_293' title='bbox 704 3421 818 3496; x_wconf 91' lang='lat' dir='ltr'><strong>primum</strong></span> <span class='ocrx_word' id='word_1_294' title='bbox 836 3440 884 3476; x_wconf 84' lang='lat' dir='ltr'><strong>avo</strong></span> <span class='ocrx_word' id='word_1_295' title='bbox 902 3418 1109 3476; x_wconf 86' lang='lat' dir='ltr'><strong>Numitore“.</strong></span> <span class='ocrx_word' id='word_1_296' title='bbox 1134 3417 1208 3477; x_wconf 80' lang='lat' dir='ltr'><strong>codd.</strong></span> 
     </span>
     <span class='ocr_line' id='line_1_35' title="bbox 104 3503 1208 3573; baseline -0.004 -6"><span class='ocrx_word' id='word_1_297' title='bbox 104 3511 137 3567; x_wconf 86' lang='lat' dir='ltr'><strong>ad</strong></span> <span class='ocrx_word' id='word_1_298' title='bbox 160 3530 241 3566; x_wconf 87' lang='lat' dir='ltr'><strong>unum</strong></span> <span class='ocrx_word' id='word_1_299' title='bbox 265 3527 370 3573; x_wconf 83' lang='lat' dir='ltr'><strong>omnes3</strong></span> <span class='ocrx_word' id='word_1_300' title='bbox 398 3504 447 3561; x_wconf 88' lang='lat' dir='ltr'><strong>sed</strong></span> <span class='ocrx_word' id='word_1_301' title='bbox 475 3506 533 3559; x_wconf 87' lang='lat' dir='ltr'><strong>sine</strong></span> <span class='ocrx_word' id='word_1_302' title='bbox 556 3503 638 3561; x_wconf 89' lang='lat' dir='ltr'><strong>dubio</strong></span> <span class='ocrx_word' id='word_1_303' title='bbox 661 3507 790 3562; x_wconf 87' lang='lat' dir='ltr'><strong>Amulio</strong></span> <span class='ocrx_word' id='word_1_304' title='bbox 815 3517 871 3563; x_wconf 88' lang='lat' dir='ltr'><strong>erat</strong></span> <span class='ocrx_word' id='word_1_305' title='bbox 894 3505 1073 3562; x_wconf 87' lang='lat' dir='ltr'><strong>scribendum.</strong></span> <span class='ocrx_word' id='word_1_306' title='bbox 1116 3505 1208 3563; x_wconf 75' lang='lat' dir='ltr'><strong>Mende</strong></span> 
     </span>
     <span class='ocr_line' id='line_1_36' title="bbox 105 3589 1104 3674; baseline -0.004 -21"><span class='ocrx_word' id='word_1_307' title='bbox 105 3599 169 3674; x_wconf 89' lang='lat' dir='ltr'><strong>quin</strong></span> <span class='ocrx_word' id='word_1_308' title='bbox 188 3617 221 3652; x_wconf 87' lang='lat' dir='ltr'><strong>ax</strong></span> <span class='ocrx_word' id='word_1_309' title='bbox 239 3596 386 3651; x_wconf 87' lang='lat' dir='ltr'><strong>oscitanter</strong></span> <span class='ocrx_word' id='word_1_310' title='bbox 404 3590 474 3647; x_wconf 93' lang='lat' dir='ltr'><strong>lecto</strong></span> <span class='ocrx_word' id='word_1_311' title='bbox 493 3589 572 3646; x_wconf 84' lang='lat' dir='ltr'><strong>Livio</strong></span> <span class='ocrx_word' id='word_1_312' title='bbox 591 3591 611 3658; x_wconf 89' lang='lat' dir='ltr'><strong>l,</strong></span> <span class='ocrx_word' id='word_1_313' title='bbox 625 3598 649 3648; x_wconf 86' lang='lat'><strong>5.</strong></span> <span class='ocrx_word' id='word_1_314' title='bbox 667 3595 820 3670; x_wconf 89' lang='lat' dir='ltr'><strong>irrepserit,</strong></span> <span class='ocrx_word' id='word_1_315' title='bbox 837 3592 903 3648; x_wconf 88' lang='lat' dir='ltr'><strong>mibi</strong></span> <span class='ocrx_word' id='word_1_316' title='bbox 921 3594 967 3649; x_wconf 86' lang='lat' dir='ltr'><strong>rix</strong></span> <span class='ocrx_word' id='word_1_317' title='bbox 985 3592 1104 3650; x_wconf 90' lang='lat' dir='ltr'><strong>dublum.</strong></span> 
     </span>
    </p>

    <p class='ocr_par' dir='ltr' id='par_1_6' title="bbox 103 3677 1208 3930">
     <span class='ocr_line' id='line_1_37' title="bbox 173 3677 1208 3758; baseline 0 -22"><span class='ocrx_word' id='word_1_318' title='bbox 173 3703 198 3758; x_wconf 91' lang='lat' dir='ltr'><strong>p.</strong></span> <span class='ocrx_word' id='word_1_319' title='bbox 210 3682 331 3736; x_wconf 81' lang='lat'><strong>92-93.</strong></span> <span class='ocrx_word' id='word_1_320' title='bbox 350 3677 481 3733; x_wconf 89' lang='lat' dir='ltr'><strong>Romulus</strong></span> <span class='ocrx_word' id='word_1_321' title='bbox 504 3677 655 3754; x_wconf 83' lang='lat' dir='ltr'><strong>„templum</strong></span> <span class='ocrx_word' id='word_1_322' title='bbox 677 3681 765 3734; x_wconf 92' lang='lat' dir='ltr'><strong>soceri</strong></span> <span class='ocrx_word' id='word_1_323' title='bbox 783 3680 911 3752; x_wconf 81' lang='lat' dir='ltr'><strong>sanguine</strong></span> <span class='ocrx_word' id='word_1_324' title='bbox 929 3679 1106 3736; x_wconf 78' lang='lat' dir='ltr'><strong>dedicavit“?</strong></span> <span class='ocrx_word' id='word_1_325' title='bbox 1142 3679 1208 3736; x_wconf 87' lang='lat' dir='ltr'><strong>Num</strong></span> 
     </span>
     <span class='ocr_line' id='line_1_38' title="bbox 104 3761 1208 3840; baseline -0.001 -17"><span class='ocrx_word' id='word_1_326' title='bbox 104 3768 220 3823; x_wconf 90' lang='lat' dir='ltr'><strong>Orosius</strong></span> <span class='ocrx_word' id='word_1_327' title='bbox 239 3765 283 3820; x_wconf 90' lang='lat' dir='ltr'><strong>hic</strong></span> <span class='ocrx_word' id='word_1_328' title='bbox 302 3784 410 3840; x_wconf 91' lang='lat' dir='ltr'><strong>quoque</strong></span> <span class='ocrx_word' id='word_1_329' title='bbox 427 3761 651 3839; x_wconf 79' lang='lat' dir='ltr'><strong>negligentissime</strong></span> <span class='ocrx_word' id='word_1_330' title='bbox 670 3764 771 3840; x_wconf 83' lang='lat' dir='ltr'><strong>legens,</strong></span> <span class='ocrx_word' id='word_1_331' title='bbox 791 3764 934 3821; x_wconf 87' lang='lat' dir='ltr'><strong>Hersiliam</strong></span> <span class='ocrx_word' id='word_1_332' title='bbox 946 3764 1157 3822; x_wconf 81' lang='lat' dir='ltr'><strong>Caeninensium</strong></span> <span class='ocrx_word' id='word_1_333' title='bbox 1171 3785 1208 3821; x_wconf 90' lang='lat' dir='ltr'><strong>re-</strong></span> 
     </span>
     <span class='ocr_line' id='line_1_39' title="bbox 103 3849 1171 3930; baseline -0.001 -21"><span class='ocrx_word' id='word_1_334' title='bbox 103 3857 143 3929; x_wconf 80' lang='lat' dir='ltr'><strong>gis</strong></span> <span class='ocrx_word' id='word_1_335' title='bbox 161 3854 267 3930; x_wconf 90' lang='lat' dir='ltr'><strong>putavit</strong></span> <span class='ocrx_word' id='word_1_336' title='bbox 285 3871 345 3906; x_wconf 90' lang='lat' dir='ltr'><strong>esse</strong></span> <span class='ocrx_word' id='word_1_337' title='bbox 363 3850 459 3919; x_wconf 87' lang='lat' dir='ltr'><strong>liliam,</strong></span> <span class='ocrx_word' id='word_1_338' title='bbox 478 3860 507 3906; x_wconf 93' lang='lat' dir='ltr'><strong>ut</strong></span> <span class='ocrx_word' id='word_1_339' title='bbox 525 3850 600 3918; x_wconf 90' lang='lat' dir='ltr'><strong>talia,</strong></span> <span class='ocrx_word' id='word_1_340' title='bbox 618 3849 679 3907; x_wconf 90' lang='lat' dir='ltr'><strong>Liv.</strong></span> <span class='ocrx_word' id='word_1_341' title='bbox 692 3851 712 3919; x_wconf 94' lang='lat' dir='ltr'><strong>l,</strong></span> <span class='ocrx_word' id='word_1_342' title='bbox 728 3855 768 3907; x_wconf 87' lang='lat'><strong>10.</strong></span> <span class='ocrx_word' id='word_1_343' title='bbox 787 3853 950 3929; x_wconf 90' lang='lat' dir='ltr'><strong>respiciens,</strong></span> <span class='ocrx_word' id='word_1_344' title='bbox 970 3855 1171 3930; x_wconf 80' lang='lat' dir='ltr'><strong>composuerit?</strong></span> 
     </span>
    </p>
   </div>
   <div class='ocr_carea' id='block_1_4' title="bbox 103 4083 1206 4248">
    <p class='ocr_par' dir='ltr' id='par_1_7' title="bbox 103 4083 1206 4248">
     <span class='ocr_line' id='line_1_40' title="bbox 173 4083 1206 4164; baseline 0 -24"><span class='ocrx_word' id='word_1_345' title='bbox 173 4083 225 4154; x_wconf 75' lang='lat' dir='ltr'><strong>tl)</strong></span> <span class='ocrx_word' id='word_1_346' title='bbox 249 4083 390 4156; x_wconf 75' lang='lat' dir='ltr'><strong>Quatenus</strong></span> <span class='ocrx_word' id='word_1_347' title='bbox 420 4103 456 4139; x_wconf 89' lang='lat' dir='ltr'><strong>sc.</strong></span> <span class='ocrx_word' id='word_1_348' title='bbox 486 4083 578 4141; x_wconf 86' lang='lat' dir='ltr'><strong>alior.</strong></span> <span class='ocrx_word' id='word_1_349' title='bbox 603 4085 726 4161; x_wconf 89' lang='lat' dir='ltr'><strong>scriptor.</strong></span> <span class='ocrx_word' id='word_1_350' title='bbox 752 4084 918 4139; x_wconf 88' lang='lat' dir='ltr'><strong>narrationes</strong></span> <span class='ocrx_word' id='word_1_351' title='bbox 941 4086 969 4139; x_wconf 91' lang='lat' dir='ltr'><strong>in</strong></span> <span class='ocrx_word' id='word_1_352' title='bbox 992 4085 1206 4164; x_wconf 85' lang='lat' dir='ltr'><strong>supplementum</strong></span> 
     </span>
     <span class='ocr_line' id='line_1_41' title="bbox 103 4169 742 4248; baseline -0.009 -18"><span class='ocrx_word' id='word_1_353' title='bbox 103 4171 173 4230; x_wconf 81' lang='lat' dir='ltr'><strong>Livii</strong></span> <span class='ocrx_word' id='word_1_354' title='bbox 193 4169 361 4248; x_wconf 90' lang='lat' dir='ltr'><strong>deperditi</strong></span> <span class='ocrx_word' id='word_1_355' title='bbox 379 4190 545 4227; x_wconf 87' lang='lat' dir='ltr'><strong>arcessamus</strong></span> <span class='ocrx_word' id='word_1_356' title='bbox 563 4190 674 4227; x_wconf 82' lang='lat' dir='ltr'><strong>necesse</strong></span> <span class='ocrx_word' id='word_1_357' title='bbox 693 4178 742 4225; x_wconf 87' lang='lat' dir='ltr'><strong>est.</strong></span> 
     </span>
    </p>
   </div>
   <div class='ocr_carea' id='block_1_5' title="bbox 172 4255 417 4327">
    <p class='ocr_par' dir='ltr' id='par_1_8' title="bbox 172 4255 417 4327">
     <span class='ocr_line' id='line_1_42' title="bbox 172 4255 417 4327; baseline -0.004 -14"><span class='ocrx_word' id='word_1_358' title='bbox 172 4258 224 4327; x_wconf 82' lang='grc'><strong>85)</strong></span> <span class='ocrx_word' id='word_1_359' title='bbox 247 4255 305 4315; x_wconf 77' lang='lat' dir='ltr'><strong>biv.</strong></span> <span class='ocrx_word' id='word_1_360' title='bbox 325 4255 374 4324; x_wconf 83' lang='lat' dir='ltr'><strong>vl,</strong></span> <span class='ocrx_word' id='word_1_361' title='bbox 395 4261 417 4313; x_wconf 94' lang='lat'><strong>1.</strong></span> 
     </span>
    </p>
   </div>
   <div class='ocr_carea' id='block_1_6' title="bbox 0 0 1324 4764">
    <p class='ocr_par' dir='ltr' id='par_1_9' title="bbox 0 0 1324 4764">
     <span class='ocr_line' id='line_1_43' title="bbox 0 0 1324 4764; baseline 0 2"><span class='ocrx_word' id='word_1_362' title='bbox 0 0 1324 4764; x_wconf 95' lang='lat' dir='ltr'><strong> </strong></span> 
     </span>
    </p>
   </div>
  </div>
 </body>
</html>
