2640 4764
62 149 161 213 litore
186 184 226 199 -
251 147 413 212 advenit.“
450 149 562 215 Avitus
584 172 663 215 vero
687 149 750 230 ille,
774 172 793 216 e
814 149 994 217 Palaestina
1016 174 1076 239 per
1090 153 1176 220 Oro-

62 256 145 317 sium
175 242 298 316 civibus
327 255 391 317 suis
420 251 569 339 reliquias
593 253 743 339 quaedam
766 255 798 319 S.
822 254 977 342 Stephani
998 268 1176 343 protomar-

63 359 147 443 tyris
170 359 311 435 mittens,
338 361 372 420 in
398 357 482 420 hunc
503 357 633 422 niodum
657 357 782 422 disserit
805 358 845 423 de
868 350 1005 425 Nostro:
1022 361 1049 441 ⁶)
1084 362 1174 441 „Sed

63 463 216 546 quoniam
239 462 416 524 misericors
439 462 544 540 Deus,
571 484 643 526 meo
666 473 745 527 voto
768 472 940 549 vestroque
963 467 1076 530 merito
1100 487 1174 550 pro-

64 574 212 641 curante,
236 564 384 650 dignatus
408 574 456 628 est
477 565 696 653 indulgentiae
715 588 792 630 suae
814 570 961 653 gretiam,
983 571 1116 654 primurn
1138 579 1174 634 ut

64 668 287 733 dilectissimus
309 667 403 747 filius,
426 678 458 732 et
481 671 720 756 compresbyter
742 693 829 736 meus
852 671 989 736 Orosius
1011 673 1174 758 usquead

63 773 120 836 has
144 783 251 858 partes
275 771 314 835 ab
332 772 489 836 Africanis
513 777 672 860 episcopis
695 779 877 853 mitteretur,
901 777 988 838 euius
1010 777 1085 839 mihi
1103 778 1175 840 cha-

62 879 151 953 ritas,
175 884 206 939 ct
229 875 409 940 consolatio
432 888 606 942 vestrum
625 882 795 943 omnium
814 881 1085 964 praesentiam
1102 880 1174 945 red·

62 978 173 1044 didit.
193 984 227 1042 .“
256 979 360 1064 qualia
388 983 440 1044 vix
470 981 510 1045 de
533 982 596 1046 alio
621 1006 658 1046 ac
681 987 750 1046 eive
772 985 954 1062 notissimo,
985 986 1172 1049 amicissimo

62 1082 160 1147 scribi
183 1092 367 1168 potuerunt.
405 1086 453 1148 Ae
475 1087 510 1163 si,
533 1085 620 1171 quod
642 1086 725 1149 inira
747 1085 933 1165 videbimus,
957 1087 1093 1152 Orosius
1116 1110 1174 1174 po-

62 1196 132 1251 stea
155 1186 197 1250 de
218 1187 322 1252 reditu
345 1191 378 1252 iu
401 1191 534 1274 patriam
558 1189 746 1274 desperavit,
772 1190 835 1254 hoc
858 1211 897 1254 eo
922 1190 1104 1255 credibilius
1127 1195 1174 1256 vi-

61 1291 177 1356 deatur
199 1293 302 1370 nobis,
324 1295 510 1356 Braeearam
532 1314 593 1378 pro
618 1296 802 1356 Tarracone
826 1294 1063 1380 accipientibus.
1098 1297 1173 1360 Avi-

62 1403 129 1458 tum
153 1404 258 1459 tamen
280 1396 365 1459 bunc
388 1406 420 1460 et
442 1395 574 1460 alterum
597 1418 714 1474 eorum,
738 1417 871 1481 quorum
888 1399 1025 1463 Orosius
1047 1402 1116 1485 ipse
1138 1402 1172 1464 in

62 1502 309 1564 commonitorio
334 1521 393 1564 suo
416 1502 566 1578 meminit,
577 1502 604 1580 ⁷)
627 1509 662 1564 ut
683 1500 798 1564 iactum
819 1510 867 1565 est
882 1501 920 1564 ab
939 1500 1016 1580 aliis,
1039 1523 1099 1588 pro
1115 1524 1173 1567 no-

61 1612 128 1666 stra
157 1603 216 1666 hae
245 1605 414 1689 opinione,
443 1603 579 1668 eundem
606 1626 747 1668 asserere
772 1626 811 1668 eo
835 1605 1054 1689 prohibemur,
1084 1606 1172 1692 quod

61 1705 145 1770 alter
166 1705 221 1770 illc
243 1708 356 1771 Avitus
378 1707 439 1772 1.1.
463 1707 503 1771 ab
528 1708 672 1773 Oriente.
687 1710 749 1770 iam
771 1729 916 1773 reversus
940 1708 1064 1773 dicitur.
1077 1710 1105 1790 ⁸)
1129 1748 1170 1762 -

62 1811 93 1872 Α
111 1809 305 1894 quibusdam,
328 1811 385 1876 sed
401 1815 439 1876 iis
455 1813 565 1897 quavis
581 1813 705 1876 ratione
721 1811 909 1890 carentibus,
926 1809 1171 1878 Cordubensem

60 1913 180 1978 sactum
204 1935 272 1979 esse
295 1917 461 1995 Nostrum,
485 1914 569 2002 apud
592 1916 664 1979 Nic.
685 1917 860 1981 Antonium
883 1915 1075 2003 legimus.⁹)·

152 2019 289 2084 Orosius
313 2031 380 2083 erat
401 2021 584 2106 presbyter,
607 2022 700 2084 sicuti
722 2019 840 2105 ubique
863 2024 1060 2100 nominatur,
1082 2021 1172 2085 idco-

59 2145 125 2208 que
149 2122 290 2202 clericus,
312 2146 417 2209 neque
439 2124 623 2203 monachus,
647 2123 687 2187 de
706 2145 769 2209 quo
786 2123 831 2187 nil
846 2127 962 2201 inveni,
985 2147 1170 2211 quamquam

59 2227 134 2291 Nic.
157 2229 316 2292 Antonius
347 2227 387 2292 de
413 2229 607 2315 argumentis
631 2248 742 2291 corum
769 2230 848 2313 „qui
871 2249 909 2292 ex
932 2231 1171 2294 eremitaruma
1257 2216 1263 2228 ⁸

134 2452 168 2520 6)
186 2451 262 2507 Aviti
281 2454 358 2526 epist.
377 2451 411 2507 ad
428 2449 557 2507 Balchon.
577 2451 659 2527 episc.
672 2450 848 2506 Braeharens.
865 2471 907 2528 ap.
920 2451 1019 2508 Baron.
1032 2472 1091 2508 ann.
1105 2450 1171 2508 eccl.

61 2536 97 2593 ad
115 2557 157 2596 an.
171 2540 230 2594 415.
255 2536 398 2594 TomVll.
421 2559 449 2615 p.
458 2541 504 2593 117.

135 2625 169 2693 7)
188 2623 359 2681 Consultatio
382 2625 441 2680 sive
463 2625 695 2680 commonitorium
718 2621 811 2677 Orosii
833 2620 867 2677 ad
888 2619 1076 2698 Augustinum.
1107 2642 1170 2700 epp.

61 2708 131 2785 Aug.
163 2709 321 2768 Tomlllll.
352 2709 413 2766 Cel.
427 2713 486 2767 60⁸.
499 2711 531 2767 E.

134 2797 167 2865 8)
190 2795 264 2852 Fieri
285 2795 392 2873 quidem
409 2799 512 2875 potuit,
535 2805 566 2852 ut
583 2793 798 2870 Hierosolymam
816 2793 946 2849 rediret
962 2791 1076 2863 Avitus,
1099 2793 1172 2850 unde
1229 2815 1231 2819 ’

63 2880 176 2960 (prius)
200 2881 339 2956 Origiuem
362 2883 470 2939 allatum
492 2881 577 2938 fuisse
598 2882 631 2937 ab
651 2901 683 2937 eo
702 2880 818 2937 Orosius
837 2883 867 2935 in
884 2881 1089 2936 commonitorio
1107 2882 1172 2938 scri·

61 2968 111 3024 bit.
142 2968 240 3023 Exstat
259 2971 338 3024 etiam
357 2971 437 3047 epist.
448 2968 606 3044 Hieronymi
625 2966 659 3022 ad
671 2966 779 3022 Avitum
797 2964 937 3041 quemdam
956 2997 989 3008 -
1008 2968 1107 3023 ne.59.
1128 2964 1170 3021 ed.

62 3075 126 3132 opp.
139 3052 224 3110 Paris.
238 3057 315 3111 1609.
334 3053 410 3111 Tom.
420 3055 440 3111 1.
461 3054 520 3111 Col.
532 3057 584 3110 636
597 3073 656 3130 sqq.
675 3082 711 3093 -
729 3055 758 3108 in
777 3072 828 3129 qua
847 3051 880 3108 de
898 3050 1075 3119 translatione
1089 3049 1172 3106 libro-

62 3161 122 3197 rum
135 3140 262 3216 Origenis
281 3148 340 3216 περὶ
358 3141 444 3217 ἀρχῶν
463 3144 562 3217 agitur3
580 3140 643 3196 inde
661 3139 741 3195 nobis
759 3138 840 3194 liceat
858 3136 993 3213 colligere,
1011 3157 1093 3193 unum
1108 3157 1171 3193 eun·

62 3226 266 3304 demque-esse
288 3227 359 3284 hunc
382 3237 409 3283 et
431 3227 525 3283 Orosii
548 3227 670 3295 Avitum,
700 3227 820 3302 quamvis
845 3223 879 3280 de
902 3223 976 3279 illius
999 3241 1116 3300 persona
1138 3241 1171 3278 cx

63 3315 142 3392 epist.
162 3312 180 3369 1.
199 3313 266 3370 nihil
286 3316 431 3370 evincatur.
470 3312 530 3368 lams
549 3314 801 3369 accuratissime
824 3312 848 3366 si
870 3317 966 3388 posset
984 3307 1171 3375 demonstrari,

63 3420 179 3476 quonam
196 3410 318 3478 tempore
336 3402 476 3478 scripserit
494 3398 675 3474 Hieronymus
694 3397 845 3476 epistolam,
865 3395 978 3474 propius
997 3392 1113 3448 fortasse
1130 3411 1172 3450 ac·

63 3486 219 3543 cederemus
238 3489 344 3543 adrem
363 3483 567 3563 quodammodo.

134 3572 169 3642 9)
187 3571 219 3628 L.
238 3570 256 3627 1.
280 3575 382 3649 p.178.
400 3583 466 3640 vet,
485 3575 545 3628 235.
564 3590 624 3626 nov.
641 3567 681 3624 ed.
706 3589 808 3645 „quam
831 3569 985 3647 opinionem
1001 3563 1121 3622 Vesaeus
1144 3573 1172 3619 et

63 3655 208 3714 Garibaius
227 3655 355 3727 referunt,
374 3658 423 3715 scd
441 3668 544 3714 tantum
562 3667 592 3713 ut
611 3652 689 3711 obelo
702 3654 816 3729 ligant.“
847 3654 927 3721 Sanc,
945 3671 1006 3707 nam
1017 3671 1058 3727 ap.
1072 3659 1172 3706 utrum·

63 3763 118 3819 quc
136 3773 173 3786 -
190 3742 335 3801 Vesaeum:
353 3764 404 3800 rer.
417 3743 584 3822 Hispanicar.
598 3741 689 3798 chron.
703 3739 736 3795 ad
749 3763 771 3796 a.
784 3741 819 3798 D.
833 3742 886 3796 398
905 3740 950 3808 (in
964 3736 1083 3810 Schettii
1094 3734 1172 3812 llisp.

63 3829 101 3886 ill.
121 3830 142 3886 l.
161 3853 189 3909 p.
200 3831 294 3899 637.);
317 3829 484 3887 Garibaium:
503 3829 546 3885 les
560 3827 610 3884 XL
623 3828 708 3884 libros
726 3825 771 3882 dcl
783 3845 869 3903 comp.
881 3821 1005 3881 historial
1017 3832 1067 3879 ete.
1086 3820 1103 3878 1.
1113 3819 1171 3877 Vll.

63 3937 86 3972 e.
101 3919 145 3974 57.
170 3915 246 3974 Tem
262 3915 281 3972 1.
305 3937 331 3993 p.
346 3919 409 3974 279.
428 3949 461 3958 -
486 3917 592 3994 quinam
614 3913 655 3972 illi
676 3911 789 3984 inerint,
812 3922 857 3970 aut
874 3912 921 3970 ubi
939 3910 1056 3968 dixerint
1072 3906 1173 3964 frustra

63 4022 186 4078 quaeras.

915 4084 972 4150 2*
