2640 4764
628 235 693 304 175

194 416 232 480 ln
259 411 456 500 compendiis
478 413 630 478 historiae
652 415 871 478 Romanorum
892 409 1051 477 literariae
1073 410 1213 478 Orosius

105 518 236 584 scholae
259 541 340 604 quae
363 517 481 582 dicitur
502 519 679 595 Africanae,
703 520 791 582 cuius
813 519 972 602 principes
995 515 1213 581 Tertullianus

105 628 191 689 inter
218 628 371 700 maiores,
401 625 485 686 inter
505 625 702 707 posteriores
725 623 921 708 Augustinus
944 630 1130 698 censentur,
1158 618 1214 684 ad·

105 732 245 814 scriptus
262 730 429 804 invenitur,
446 749 464 790 e
480 731 581 791 causis
598 727 665 790 fere
679 724 910 813 probabilibus,
926 727 1047 788 etiamsi
1058 725 1213 789 Nostrum

105 855 144 896 ox
168 833 273 895 Africa
295 834 422 894 minime
446 841 549 895 ortum
572 833 716 894 sciamus·
769 828 872 894 Cuius
898 827 1029 892 scholae
1050 830 1213 913 scriptori.

103 936 166 1000 bus
196 945 228 999 et
256 938 378 1023 ingenii
407 934 517 998 lervor
545 945 578 998 et
605 933 702 997 ardor
723 935 818 997 animi
842 944 936 1019 atque
959 930 1090 997 ubertas
1111 935 1146 996 in
1168 931 1214 996 di·

105 1039 210 1104 cendo
240 1038 475 1114 conceduntur,
504 1040 538 1101 iu
568 1037 698 1123 eloquio
728 1049 834 1101 tamen
856 1058 953 1123 saepe
975 1035 1095 1121 aliquid
1115 1035 1214 1100 inele-

105 1166 194 1231 gans,
217 1141 339 1218 durum,
362 1141 533 1207 obscurum
556 1151 588 1205 et
611 1142 798 1218 abstrusum,
821 1163 882 1204 nec
903 1144 1006 1205 minus
1028 1138 1215 1226 hyperboli-

106 1269 176 1311 cum
205 1247 361 1310 obiicitur.
414 1243 531 1328 Qualia
562 1248 657 1309 etiam
685 1249 718 1308 in
748 1243 823 1308 stilo
846 1245 960 1308 Nostri
981 1247 1214 1329 vituperantur.

105 1351 150 1413 At
184 1349 286 1434 qualis
323 1348 488 1435 cogitandi
518 1351 616 1429 ratio,
651 1349 714 1414 tale
746 1348 917 1434 eloquium:
953 1347 993 1411 ab
1022 1357 1212 1435 argumento

104 1455 207 1519 forma
235 1452 367 1516 difficile
396 1452 612 1540 segreganda;
640 1455 737 1540 igitur
767 1460 800 1515 et
829 1473 910 1537 quae
939 1451 980 1515 de
1002 1451 1078 1515 stilo
1102 1453 1213 1517 Orosii

105 1555 306 1622 observanda
328 1555 527 1633 viderentur,
556 1556 692 1620 fortasse
716 1558 813 1642 capiti
834 1558 896 1618 iam
918 1554 1061 1619 seeundo
1083 1555 1214 1621 subiun-

104 1661 210 1749 genda
240 1661 383 1723 tuissent
436 1659 544 1743 Quum
571 1682 650 1725 vero
679 1659 720 1724 ab
749 1668 936 1747 argumento
958 1663 1120 1724 maximam
1141 1682 1214 1745 par*

104 1775 168 1828 tem
198 1764 365 1840 historico,
399 1763 580 1850 traditoque
608 1767 708 1852 magis
737 1773 771 1827 et
796 1761 1018 1848 suppeditato,
1053 1787 1145 1850 quam
1174 1785 1213 1829 ex

104 1871 205 1954 ipsius
228 1869 367 1932 auctoris
389 1869 521 1954 ingenio
545 1870 673 1945 hausto,
696 1868 798 1931 forma
821 1866 944 1932 facilius
967 1869 1093 1953 seiungi
1115 1888 1212 1952 posse

104 1971 262 2048 videatur,
295 1992 420 2057 egoque
451 1976 542 2036 etiam
571 1976 653 2036 mori
681 1993 825 2058 parerem
856 1980 1027 2035 consueto:
1065 1971 1212 2056 equidem

104 2076 347 2139 observationes
373 2074 414 2138 de
436 2074 510 2140 stilo
534 2075 676 2141 lontibus
698 2075 801 2140 solum
824 2076 937 2140 Nostri
959 2078 1157 2162 investigatis
1181 2085 1213 2139 et

105 2178 328 2243 demonstratis
350 2179 589 2266 subiungeudas
613 2184 731 2245 censui.
776 2182 834 2244 His
857 2189 961 2244 autem
986 2181 1138 2264 expositis
1160 2181 1213 2243 vix

105 2285 174 2365 quis
204 2284 346 2361 miretur,
375 2286 401 2347 si
430 2283 535 2347 stilum
559 2283 751 2348 Orosianum
780 2286 814 2347 iu
840 2286 913 2369 ipso
934 2285 1046 2348 Nostri
1069 2304 1170 2370 opere
1189 2305 1212 2348 a

104 2385 178 2449 stilo
204 2386 338 2451 fontium
361 2386 581 2466 discernimus,
611 2410 707 2473 quum
730 2408 797 2452 non
819 2387 924 2461 solum
946 2392 979 2452 in
1001 2387 1093 2453 locos
1115 2385 1212 2473 plane

105 2488 296 2574 descriptos,
325 2491 383 2555 sed
413 2494 506 2555 etiam
535 2495 569 2556 in
598 2502 765 2577 excerptos
794 2491 867 2577 plus
889 2495 1033 2556 minusve
1054 2515 1118 2558 una
1141 2514 1212 2557 cum

103 2592 200 2655 rebus
230 2597 323 2657 etiam
352 2593 417 2659 stili
448 2595 523 2680 quid
547 2596 684 2661 fontium
708 2598 875 2659 transierit.
925 2597 997 2660 Nec
1018 2596 1146 2683 fugiunt
1167 2597 1212 2660 le-

104 2706 232 2773 ctorem,
255 2718 297 2761 ne
320 2697 420 2761 dicam
443 2699 581 2764 lustinus
605 2711 637 2764 et
660 2698 820 2783 eloquium
844 2702 1058 2779 Iustinianum,
1080 2700 1139 2764 sed
1160 2701 1212 2765 Li-

102 2803 205 2876 viana,
227 2801 357 2880 Iuliana,
382 2801 583 2884 (Floriana),
605 2805 809 2880 Suetoniana,
831 2805 1037 2888 Eutropiaua,
1052 2805 1212 2889 Hierony·

103 2907 222 2982 miana,
251 2906 483 2991 Augustiniana
513 2906 639 2971 dicendi
668 2919 701 2971 et
728 2905 888 2971 scribendi
916 2911 997 2972 ratio
1022 2912 1055 2972 iu
1078 2909 1211 2974 Orosio.

102 3008 173 3070 Nec
203 3012 312 3094 negari
336 3021 460 3095 potest,
488 3012 619 3077 meliore
641 3012 778 3077 fontium
800 3010 874 3076 stilo
898 3015 990 3076 etiam
1014 3014 1125 3078 Orosii
1147 3034 1212 3077 rne-

102 3109 215 3175 liorem
238 3111 395 3176 redditum
420 3137 498 3193 esse,
522 3137 625 3200 eoque
647 3119 756 3202 magis,
778 3137 842 3201 quo
866 3120 1040 3181 accuratius
1064 3128 1098 3181 et
1113 3120 1147 3180 in
1162 3139 1212 3181 ro-

101 3213 162 3278 bus
192 3225 224 3279 et
248 3218 282 3279 iu
304 3215 410 3280 verbis
432 3217 508 3281 illos
530 3228 657 3282 secutus
681 3229 743 3295 est,
772 3217 805 3282 id
829 3218 932 3303 quod,
961 3223 988 3282 si
1010 3221 1210 3287 historiarum

101 3328 221 3403 partes,
251 3342 382 3405 quarum
412 3333 630 3409 argumentum
652 3323 817 3408 formaque
840 3324 879 3387 ab
904 3323 973 3387 aliis
995 3326 1109 3410 petita,
1139 3344 1210 3389 cum

102 3423 272 3487 Orosianis
303 3424 491 3506 contuleris,
519 3426 632 3490 clarius
658 3430 750 3491 etiam
774 3430 956 3513 perspicies.
1007 3427 1091 3492 Sane
1113 3431 1212 3514 impa-

101 3547 167 3590 rem
191 3525 258 3604 sibi,
287 3548 348 3591 nec
370 3550 463 3614 quem
488 3530 605 3616 ubique
628 3528 723 3595 laude
747 3531 871 3608 efferas,
895 3530 1080 3597 observabis
1103 3531 1209 3595 stilum

101 3631 169 3693 istis
192 3630 406 3717 inpartibus,
435 3655 529 3718 quum
553 3637 586 3698 in
609 3634 777 3699 Orosianis
799 3639 899 3723 magis
922 3634 1048 3721 quidem
1071 3636 1133 3700 sibi
1155 3658 1210 3720 pa·

100 3754 176 3810 rem,
199 3734 257 3797 sed
279 3735 459 3820 ubicunque
482 3738 548 3801 lere
570 3737 628 3802 illo
651 3741 880 3818 incomtiorem,
903 3739 1211 3817 durioremobscu·

100 3840 217 3900 riorem
241 3838 372 3914 habeas,
396 3841 572 3926 praeditum
595 3841 725 3906 maculis
748 3842 810 3908 illis
833 3844 988 3922 omnibus,
1010 3866 1088 3929 quas
1113 3866 1208 3929 supra

101 3937 232 4004 scholae
260 3941 429 4007 Africanae
461 3948 606 4031 proprias
634 3946 859 4032 perhibuimus.
916 3947 1075 4012 Praefatio
1105 3950 1208 4011 statim

101 4047 209 4128 operis
233 4047 330 4109 totius
354 4046 395 4110 ad
417 4049 628 4136 Augustinum
653 4050 829 4137 exemplum
850 4053 997 4137 praebet,
1026 4052 1086 4116 alia
1110 4054 1209 4138 speci-

100 4151 186 4211 mina
206 4148 460 4218 introductiones
483 4152 637 4220 librorum
659 4158 822 4219 maximam
844 4166 975 4241 partem,
999 4155 1062 4223 alia
1079 4158 1208 4242 saepius
