2640 4764
650 153 671 217 5

101 335 243 414 demque
275 328 342 393 lere
372 327 483 393 diebus
512 331 545 392 in
569 328 693 417 linguas
717 350 844 414 quoquc
868 328 1102 407 Germanicam,
1130 329 1213 392 ltali-

101 457 187 513 cam,
212 433 383 510 Gallicam,
406 435 577 518 Hispanam
601 431 797 511 vertebatur,
821 456 951 519 quarunt
972 432 1212 498 translationum

101 550 170 604 tres
193 535 318 623 quidem
343 540 465 622 priores
487 540 600 621 partim
624 539 737 600 iterum
759 539 933 622 iterumque
955 536 1047 623 prelo
1069 537 1213 602 subiicie-

102 643 232 706 hantur.
272 642 421 725 Denique
445 650 476 704 et
498 640 665 703 doctorum
690 639 729 703 de
745 640 855 704 Orosii
870 643 969 725 patria
987 643 1135 726 imprimis
1151 639 1212 705 dis·

103 748 287 821 sensiones,
317 755 349 808 et
378 743 513 828 plurium
543 744 602 805 hac
632 743 672 806 de
695 766 729 806 re
752 746 882 828 scripta,
910 765 970 808 nos
994 767 1060 809 non
1085 756 1213 831 oportet

102 851 365 935 praetermittere,
389 869 483 932 quum
507 849 600 910 etiam
622 846 698 910 inde
722 846 762 911 de
786 850 948 932 scriptoris
971 849 1115 933 pondere
1130 854 1212 916 iuste

102 955 317 1040 argumentari
339 951 442 1015 liceat.
1207 1014 1210 1019 ,

195 1057 237 1119 At
265 1054 340 1119 inde
368 1076 427 1139 per
455 1053 616 1118 saeculum
640 1057 808 1118 auctoritas
832 1057 1009 1140 scriptoris,
1039 1055 1121 1120 adeo
1145 1057 1213 1124 fore

103 1163 176 1245 ipse
208 1161 345 1222 evanuit.
397 1157 660 1244 Interrogandum
683 1162 792 1245 igitur,
823 1162 877 1243 qui
900 1161 941 1222 sit
963 1158 1093 1238 factum,
1116 1171 1151 1225 ut
1173 1159 1213 1224 ad

103 1274 225 1328 tantum
251 1272 381 1327 evectus
402 1261 559 1349 fastigium
583 1283 687 1349 paene
710 1263 867 1326 oblivioni
889 1260 1035 1326 daretur?

195 1365 353 1430 Mediocri
381 1376 501 1430 tantum
529 1369 660 1452 ingenio
686 1366 863 1452 praeditus,
894 1365 994 1451 qualis
1018 1376 1213 1451 quantusque

104 1473 208 1535 factus
232 1480 280 1534 est
295 1472 440 1548 Orosius
463 1491 530 1533 non
553 1471 622 1548 sibi,
645 1469 700 1534 sed
720 1470 898 1534 conditioni
914 1468 1011 1534 debet
1026 1481 1212 1556 temporum.

104 1576 236 1640 Maximi
259 1578 342 1639 enirn
365 1584 432 1638 crat
453 1576 605 1637 momenti
627 1575 758 1652 Nostro,
783 1573 870 1659 quod
892 1574 988 1637 rebus
1011 1573 1213 1639 nascentibus

104 1683 201 1744 novis
225 1678 381 1764 aequalis,
409 1680 526 1742 inscius
550 1678 617 1741 lere
640 1698 700 1742 nec
722 1680 855 1763 proprio
879 1688 968 1742 motu
990 1679 1023 1741 in
1045 1677 1214 1742 moliendis

103 1787 159 1861 iis,
186 1781 238 1847 vel
266 1785 374 1867 potius
403 1781 611 1846 conficiendis
641 1792 791 1867 operatus
816 1792 878 1857 est;
909 1781 995 1867 quod
1020 1803 1101 1868 opus
1124 1804 1214 1847 suum

104 1885 522 1974 apologetico-historicum
551 1889 623 1971 ipso
654 1896 858 1949 extremarum
882 1906 1080 1972 paganorum
1104 1895 1215 1949 contra

105 1990 295 2077 religionem
326 1989 537 2055 Christianam
567 1991 809 2052 contentionum
839 1998 998 2073 tempore,
1033 1999 1067 2052 ut
1097 1988 1215 2068 ederet,

107 2104 259 2159 evocatus
289 2104 351 2170 est;
382 2093 469 2180 quod
499 2114 538 2156 eo
569 2114 628 2178 pro
652 2103 742 2178 parte
764 2096 825 2156 iam
848 2093 916 2157 fere
938 2091 1121 2156 dominante
1142 2112 1215 2156 mox

105 2199 226 2283 ubique
253 2201 382 2263 victrice
410 2199 573 2284 pugnavit.
625 2197 696 2260 Nec
724 2195 916 2284 segregandi
946 2195 1020 2261 dein
1044 2197 1215 2284 apologiae

106 2313 221 2391 auctor
243 2312 275 2367 et
296 2305 433 2388 scriptor
456 2302 655 2364 historiarum
678 2304 711 2363 in
735 2322 833 2385 opere
849 2301 1024 2365 Orosiano.
1062 2302 1143 2365 Nam
1162 2304 1216 2386 qui

106 2405 339 2491 compendioso
363 2405 524 2470 volumine
548 2404 643 2482 dedit,
667 2426 748 2490 quac
772 2413 894 2489 tempus
918 2404 1116 2492 efflagitaret,
1139 2404 1216 2468 alio·

105 2513 184 2595 quin
200 2510 295 2573 rebus
310 2512 585 2575 cornrnotissimum
602 2508 831 2594 praesentibus,
847 2530 908 2572 nec
923 2507 1010 2593 quod
1027 2511 1086 2572 nisi
1102 2507 1216 2571 leviter

106 2624 228 2678 tantum
258 2618 426 2700 praeterita
450 2611 709 2698 amplecteretur,
734 2615 779 2675 ita
802 2623 836 2675 ut
859 2614 997 2675 minores
1021 2611 1094 2675 illos
1117 2613 1217 2675 histo·

105 2721 174 2783 riae
203 2720 368 2783 Romanae
397 2720 568 2802 scriptores
598 2718 760 2791 excitaret,
796 2716 897 2797 iisque
926 2717 1056 2777 maxime
1087 2715 1215 2790 laveret,

105 2825 245 2886 maiores
273 2821 466 2909 negligeret3
496 2824 522 2884 is
552 2843 645 2905 quum
668 2842 730 2884 una
755 2839 883 2902 quoqne
905 2817 1094 2904 religionem
1117 2816 1214 2881 modo

107 2925 295 2992 catholicam
319 2923 492 2989 defendere
514 2934 681 3002 tentasset,
704 2927 736 2987 in
759 2933 923 3007 utramque
945 2935 1066 3007 partem
1090 2921 1216 2987 utilitati

107 3027 344 3116 quodammodo
367 3031 557 3106 inserviens,
582 3038 613 3092 et
634 3047 777 3114 paganos
800 3037 832 3090 et
855 3027 1055 3091 Christianos
1078 3027 1139 3091 sihi
1162 3025 1216 3090 de-

108 3137 217 3198 vinxit.
263 3133 297 3199 si
324 3131 427 3197 solum
450 3131 686 3219 apologeticum
710 3129 962 3196 Christianorum
986 3141 1097 3194 contra
1119 3153 1216 3218 paga-

107 3261 185 3317 nos,
213 3242 247 3303 in
270 3234 398 3300 modum
422 3235 625 3313 Tertulliani,
653 3236 788 3298 Minucii
811 3233 939 3311 FeliciS,
963 3233 1135 3320 Cypriani,
1159 3234 1216 3296 Ar-

108 3342 215 3420 nobii,
245 3341 419 3416 Ambrosii,
447 3339 580 3403 aliorum
604 3340 796 3423 scripsisset,
825 3338 1091 3422 praecedentibus
1113 3338 1160 3400 his
1184 3346 1216 3400 et

108 3445 305 3531 Augustino,
332 3447 395 3521 vir,
424 3454 460 3508 ut
482 3443 559 3521 dixi,
588 3442 756 3506 mediocris
785 3450 905 3505 tantum
928 3445 1062 3529 ingenii,
1091 3443 1215 3505 minore

109 3547 225 3634 procul
254 3546 353 3612 dubio
377 3548 496 3612 fructus
519 3556 604 3610 esset
625 3566 783 3609 successu.
836 3545 878 3609 At
900 3567 993 3630 quum
1016 3543 1214 3610 Christianus
1239 3602 1242 3608 a

109 3653 273 3717 historiam
300 3651 455 3717 conderet
484 3649 693 3715 universalem
724 3648 893 3733 quandam,
921 3653 1017 3734 inque
1044 3671 1080 3712 ea
1104 3648 1215 3733 apolo-

109 3759 193 3843 giam
218 3756 484 3834 Christianorum,
513 3754 623 3841 quales
651 3753 794 3817 nondum
817 3763 975 3818 exstarent
997 3775 1034 3815 ac
1057 3752 1215 3816 desidera·

109 3870 237 3937 rentur,
266 3859 335 3923 lieri
365 3882 431 3924 non
462 3868 603 3945 poterat,
632 3868 667 3922 ut
695 3859 891 3921 auctoritatis
921 3855 1125 3922 fundamenta
1147 3876 1213 3919 non

109 3967 229 4027 iaceret
258 3963 388 4051 longum
413 3967 444 4026 in
467 3975 599 4047 ternpus.
651 3962 701 4023 Re
723 3963 819 4047 igitur
841 3982 915 4024 vera
937 3971 1130 4024 momentum
1152 3982 1215 4024 ma·

110 4089 210 4156 gnum
234 4066 486 4132 Christianorum
510 4066 709 4131 Christianus
736 4062 819 4128 idem
842 4063 993 4128 defensor
1015 4076 1046 4129 et
1069 4065 1215 4128 historio·

112 4171 252 4260 graplrus
277 4181 351 4250 erat,
374 4194 466 4256 quem
490 4168 577 4255 quod
593 4170 761 4256 Augustini
784 4169 843 4232 luit
865 4168 1037 4254 discipulus
1053 4171 1113 4233 iarn
1129 4167 1215 4253 apud
