2640 4764
700 171 743 237 32

168 329 272 436 capta,
298 350 420 413 ruinam
443 351 532 433 quasi
553 350 691 433 imperii,
714 350 916 434 omniumque
938 348 1158 414 conditionum
1181 372 1271 436 prae-

76 475 79 478 ’
166 458 342 542 sagiiss'ent.
383 456 465 517 Tum
487 456 635 516 maximus
659 451 714 516 ille
736 452 814 516 fidei
830 451 1031 518 Christianae
1054 464 1193 519 assertor
1209 454 1270 519 Au-

166 562 310 646 gustinus
339 557 569 636 „exardescens
598 555 669 620 zelo
698 554 809 619 domus
832 558 927 636 Dci“,
956 557 1195 636 celeberrimos,
1225 561 1270 623 in-

166 664 407 752 geniosissimos
437 661 478 725 de
508 663 634 724 civitate
657 661 721 723 Dei
747 659 848 725 libros
876 660 1013 727 scribere
1036 665 1181 726 instituit.
1234 664 1269 726 ln

166 765 280 853 quibus
303 788 397 851 quum
421 763 593 850 opprobria
616 785 815 851 paganorum
837 775 949 830 contra
971 765 1159 853 religionem
1180 765 1269 831 Chri-

165 873 305 947 stianam,
327 867 521 933 multimodis
544 868 653 932 formis
675 867 913 954 rationibusque
929 869 1062 955 prolata,
1084 892 1150 934 uon
1167 870 1268 935 solum

167 983 297 1062 negaret
327 983 359 1037 ct
384 971 603 1059 redargueret,
632 993 742 1035 verum
766 975 859 1035 etiam
883 972 1102 1039 defensionem
1125 973 1267 1038 doctrina

164 1100 242 1143 sane
270 1076 418 1155 mirabili,
448 1097 508 1139 uec
537 1075 656 1160 dispari
686 1072 869 1161 eloquentia
898 1077 1086 1157 conficeret,
1114 1077 1205 1142 litem
1227 1083 1267 1144 ita

164 1182 316 1261 absolvit,
345 1192 379 1245 ut
408 1191 483 1265 post
512 1202 583 1244 cum
612 1202 671 1265 per
695 1179 821 1244 saecula
843 1185 895 1246 vix
916 1182 1002 1247 ullus
1026 1186 1187 1259 existeret,
1217 1185 1267 1268 qui

164 1286 217 1350 vel
239 1289 452 1372 impugnaret,
477 1283 531 1348 vel
554 1282 740 1348 defenderet
761 1281 858 1348 fidem
881 1285 1102 1351 Christianam.
1146 1286 1267 1350 Decem

163 1393 305 1476 priorum
335 1411 409 1454 vere
439 1387 713 1476 apologeticorum
739 1387 893 1463 librorum
918 1395 1056 1478 quinque
1079 1393 1171 1478 primi
1194 1412 1267 1454 con-

164 1507 210 1560 tra
241 1496 427 1579 opinionem
456 1504 531 1557 tunc
559 1495 671 1556 iterum
702 1492 744 1556 oh
774 1492 880 1557 clades
902 1516 962 1580 per
984 1495 1141 1559 Alaricum
1164 1494 1266 1559 illatas

162 1599 408 1686 vulgatissimam
431 1608 505 1661 sunt
527 1600 650 1682 scripti:
673 1595 777 1675 „mala
799 1597 908 1661 mundi
926 1601 1041 1663 exoriri
1057 1609 1089 1662 et
1103 1598 1267 1663 abundare

163 1711 295 1789 propter
328 1702 521 1787 prohibitum
552 1723 611 1786 per
639 1700 850 1766 Christianam
880 1701 1069 1790 religionem
1097 1702 1267 1768 multorum

163 1807 295 1872 deorum
319 1806 469 1871 cultum.“
513 1804 661 1870 Crassum
686 1806 900 1892 opprobrium,
926 1828 1003 1871 sane
1026 1806 1095 1871 aliis
1119 1807 1267 1870 omnibus

162 1911 431 1998 praeponendum,
454 1909 601 1974 facillime
623 1910 753 1973 historia
770 1911 809 1975 ad
825 1921 931 1997 partes
946 1920 1059 1974 vocata
1074 1910 1268 1998 redarguen·
1298 1940 1301 1952 ·

162 2015 244 2094 dum,
267 2018 434 2101 quominus
457 2014 619 2079 refelleret
634 2015 828 2103 Augustinus
843 2019 911 2100 ipse
926 2016 1129 2079 historiarum
1146 2026 1267 2080 tantum

162 2118 362 2204 compendio,
385 2120 505 2204 ingenii
529 2117 651 2196 ardore,
675 2122 729 2204 qui
752 2119 808 2183 ubi
831 2119 977 2207 negabat,
1001 2129 1033 2182 et
1054 2141 1145 2183 veras
1162 2141 1266 2183 rerum

161 2245 271 2287 causas
294 2220 512 2310 investigabat,
535 2243 596 2285 nec
617 2226 720 2287 minus
744 2227 851 2309 operis
868 2224 1077 2309 profusissimi
1093 2232 1267 2309 conspectu

160 2325 401 2412 impediebatur.
414 2327 441 2406 ²)
495 2329 616 2390 Tamen
650 2350 731 2413 quae
760 2338 940 2414 quantaque
969 2326 1143 2390 lucraretur
1172 2348 1266 2390 causa

161 2431 413 2496 Christianorum
437 2430 491 2495 tali
514 2431 715 2496 historiarum
738 2431 1018 2508 demonstratione,
1041 2435 1160 2517 optime
1175 2430 1267 2494 intel-

158 2535 288 2622 ligebat.
341 2535 441 2622 Igitur
465 2558 559 2621 quum
583 2546 658 2621 post
680 2540 815 2621 scriptos
838 2538 963 2621 priores
987 2534 1027 2599 de
1051 2538 1178 2599 civitate
1201 2536 1265 2599 Dei

158 2638 272 2717 libros,
303 2641 439 2705 Orosius
470 2660 554 2702 auno
584 2642 710 2703 circiter
731 2642 796 2704 tlt
820 2639 860 2703 ad
884 2641 1095 2726 Augustinum
1117 2643 1265 2717 venisset,

158 2766 257 2829 seque
280 2744 571 2808 obedientissimum
595 2743 745 2808 asseclam
768 2743 974 2831 praebuisset,
997 2752 1032 2806 ut
1054 2742 1149 2807 talem
1167 2743 1265 2807 histo

157 2852 272 2912 riarum
307 2851 555 2932 expositionem,
590 2847 630 2910 ad
663 2847 870 2912 refellendam
899 2851 988 2911 istam
1016 2846 1264 2935 vulgatissimam

91 3020 96 3040 ,
157 2973 355 3039 paganorum
379 2953 562 3036 opinionem
588 2959 803 3037 componeret,
827 2955 856 3016 ei
878 2955 984 3016 suasit.
1021 2953 1074 3016 De
1097 2975 1161 3038 quo
1177 2953 1265 3017 Oro-

157 3059 222 3120 sius
252 3059 333 3140 ipse:
364 3057 601 3141 „Praeceperas
628 3056 724 3119 mibi“
740 3058 767 3136 8)
789 3059 891 3140 inquit
918 3066 978 3134 „ut
1000 3056 1152 3121 adversus
1174 3059 1264 3120 vani-

155 3159 283 3245 loquam
314 3163 500 3246 pravitatem
530 3181 654 3239 eorum,
684 3163 737 3246 qui
760 3159 855 3223 alieni
879 3181 896 3223 a
920 3163 1045 3224 civitate
1066 3161 1131 3224 Dei
1156 3183 1193 3225 ex
1216 3161 1264 3226 lo-

157 3267 464 3350 corumagrestium
494 3268 640 3349 compitis
670 3273 702 3327 et
730 3267 821 3350 pagis
848 3268 967 3352 pagani
994 3275 1163 3342 vocantur,
1194 3268 1262 3329 sive

156 3366 301 3455 gentiles,
323 3369 377 3451 qui
399 3377 524 3430 terrena
547 3371 683 3453 sapiunt:
711 3372 764 3452 qui
787 3391 857 3432 eum
881 3369 986 3433 futura
1009 3391 1077 3433 non
1100 3379 1261 3454 quaerant,

155 3474 325 3557 praeterita
348 3480 451 3533 autem
475 3479 530 3534 aut
553 3471 792 3551 obliviscantur,
821 3483 875 3538 aut
897 3478 1053 3551 nesciant,
1079 3477 1260 3559 praesentia

155 3596 355 3606 *—

225 3668 259 3737 2)
278 3666 321 3723 cf.
341 3688 381 3723 ex.
401 3688 439 3743 gr.
459 3667 493 3724 de
511 3671 561 3725 civ.
574 3671 628 3726 Dei
645 3671 690 3739 Ill,
706 3674 747 3728 18.
778 3671 831 3740 „Si
850 3692 973 3728 enarrare
990 3672 1036 3728 vel
1053 3692 1261 3728 commemorare

155 3757 304 3810 conemur“
326 3753 412 3824 (mala
436 3775 473 3809 sc.
498 3765 610 3833 tempor.
633 3760 801 3835 praeteritor.
824 3760 852 3813 in
874 3757 954 3814 bellis
978 3759 1046 3828 etc.)
1064 3757 1163 3828 ,mihil
1187 3757 1261 3814 aliud

155 3860 233 3916 quam
260 3841 408 3917 scriptores
432 3843 509 3897 etlam
532 3863 583 3899 nos
607 3846 704 3899 erimus
727 3844 888 3913 historiae“,
917 3854 944 3899 et
967 3845 1060 3901 Orosii
1082 3843 1165 3923 praef.
1189 3866 1217 3923 p.
1236 3849 1260 3901 4.

154 3927 290 3995 „maxime
313 3946 373 3981 cum
394 3929 569 3984 reverentiam
592 3939 663 3985 tuam
685 3959 720 3970 -
743 3930 797 3987 levi
815 3931 945 4009 opusculo
965 3932 1090 4005 occupari
1107 3950 1167 3985 nou*
1181 3950 1262 4009 opor-

121 4045 123 4048 ·
154 4014 253 4068 teret.“
1182 4015 1183 4019 ’

192 4116 259 4258 1⁰3)
281 4115 366 4275 liqaqf.
390 4118 425 4174 ad
452 4121 590 4197 Augustin.
615 4126 674 4199 p.3
693 4131 721 4177 et
737 4124 762 4178 l.
791 4122 878 4193 (conf.
902 4122 1022 4181 Gruhitz.
1047 4122 1151 4181 emend.
1174 4083 1258 4181 Oros.

152 4225 179 4284 p.
245 4213 272 4258 et
326 4247 332 4260 .
