2640 4764
695 175 738 242 50

164 355 251 443 apud
274 355 419 422 Graecos
449 374 541 440 quam
564 354 712 430 Latinos,
739 350 793 417 vel
820 350 861 416 de
883 352 1091 416 veracissimis
1113 353 1273 438 scriptori-

164 460 224 526 bus
241 461 269 542 ²)
301 458 456 543 loquitur;
486 461 513 522 si
541 456 613 521 aliis
640 459 674 519 iu
702 453 784 518 locis
800 457 828 535 ³)
852 477 952 541 aeque
975 455 1156 534 indefinite,
1189 459 1272 519 etin

165 567 346 629 uuiversum
376 572 408 626 et
438 561 526 648 quod
548 559 673 648 singula
697 562 809 624 attinet
831 559 927 638 facta,
958 558 999 623 dc
1020 558 1126 623 multis
1150 559 1275 624 disserit

167 668 363 744 auctoribus,
392 666 473 731 adeo
503 686 739 749 nonnumquam
766 673 828 727 tam
852 663 1064 744 Graecorum,
1093 684 1187 749 quam
1210 665 1274 728 Ro-

167 774 331 836 manorum
354 770 489 855 aliquem
513 766 635 832 laudat:
664 770 791 831 minime
813 768 892 832 haec
914 771 1034 847 omnia,
1057 777 1093 833 ut
1116 766 1157 831 de
1181 767 1273 832 fonti-

165 875 227 940 bus
249 876 363 939 Nostri
389 877 608 950 coniiciamus,
637 868 755 934 nedum
778 869 967 948 iudicemus,
996 871 1170 936 sufficiunt.
1222 873 1273 934 Et-

168 982 250 1043 enim
279 978 442 1063 paululum
466 987 586 1041 tantum
609 978 811 1060 perscrutati,
841 985 1041 1061 quantopere
1065 973 1273 1040 diffidendum

72 1152 80 1162 N
167 1086 209 1148 sit
223 1084 346 1148 Oresio
369 1085 403 1145 in
425 1081 548 1157 talibus,
573 1082 693 1165 optime
715 1081 931 1165 perspicimus
954 1101 1050 1163 quum
1066 1082 1196 1142 minime
1211 1078 1272 1142 lau·

168 1185 261 1250 datos
286 1205 396 1250 omnes
416 1188 454 1248 re
476 1205 553 1247 vera
575 1192 701 1247 secutus
725 1185 773 1260 sit,
797 1205 901 1268 neque
917 1203 996 1267 quos
1013 1191 1061 1246 est
1077 1193 1205 1247 secutus
1220 1204 1272 1246 no-

167 1293 267 1353 minet
290 1309 410 1365 omnes,
433 1309 493 1351 nec
516 1286 653 1371 denique
676 1288 783 1350 fontes
806 1290 986 1351 nominatos
1005 1295 1059 1350 aut
1073 1286 1201 1371 ubique,
1224 1295 1274 1350 aut

168 1397 202 1457 in
224 1392 304 1456 loeis
327 1393 450 1454 maximi
472 1392 657 1477 praesertim
679 1395 830 1455 momenti
852 1389 973 1454 laudet:
997 1393 1039 1453 ita
1062 1399 1097 1452 ut
1113 1412 1192 1475 prae
1208 1411 1273 1453 cae-

167 1499 244 1561 teris
267 1497 334 1558 veri
350 1495 462 1559 Nostri
485 1494 592 1558 fontes
615 1516 632 1558 a
655 1494 773 1560 fictitiis
797 1494 988 1581 segregandi
1003 1496 1074 1572 sint,
1096 1494 1184 1578 quod
1200 1515 1273 1558 sane

167 1604 229 1665 nisi
259 1599 396 1664 evolutis
424 1593 604 1684 ubicunque
630 1597 693 1663 illis
716 1599 786 1663 lieri
808 1621 877 1664 non
899 1605 1016 1684 potest.
1066 1596 1148 1661 Sunt
1171 1609 1272 1661 autem

168 1704 290 1769 Orosio
319 1705 387 1767 veri
415 1702 521 1766 fontes
546 1722 613 1765 non
635 1701 740 1779 multi,
769 1724 902 1788 quorum
926 1705 986 1767 hos
1010 1711 1130 1766 tantum
1154 1700 1273 1765 laudat:

167 1806 336 1871 bibliorum
372 1826 532 1870 sacrorum
563 1805 704 1891 Moysen
734 1814 767 1870 et
796 1807 975 1894 evangelia,
1011 1804 1085 1869 dein
1113 1806 1275 1884 Iustinum,

167 1913 299 1989 Livium,
323 1912 523 1996 Eutropium,
545 1910 732 1975 Suetonium
757 1919 789 1974 et
804 1912 964 1986 Tacitum
987 1909 1101 1996 quibus
1117 1908 1204 1973 haud
1221 1907 1275 1972 du-

166 2015 220 2080 bie
243 2037 396 2101 nusquam
419 2011 539 2077 laudati
561 2014 717 2080 accedunt
731 2013 1128 2098 Eusebius-Hieronymus
1151 2011 1274 2090 Florus,

168 2116 304 2194 Caesam
328 2116 563 2197 verisimillime,
585 2119 640 2203 qui
660 2116 775 2181 dicitur
797 2118 1057 2206 cosmographiae
1073 2126 1193 2195 auctor,
1217 2116 1275 2180 Ae-

166 2223 277 2300 thicns,
300 2220 437 2285 Rufinus
460 2222 493 2285 iu
515 2221 656 2285 historiis
679 2213 916 2297 ecclesiasticis;
939 2221 1084 2299 fortasse,
1106 2219 1165 2284 sed
1189 2217 1273 2306 quod

166 2324 357 2390 addubitare
378 2323 469 2403 licet,
491 2323 686 2390 Herodotus.
732 2323 856 2390 Contra
879 2347 917 2389 ex
939 2323 1117 2389 laudatis
1141 2327 1275 2388 auctori-

165 2429 226 2493 bus
256 2450 324 2493 non
354 2427 498 2492 adhibuit
526 2427 684 2505 Graecos,
718 2427 899 2509 Platonem,
929 2428 1166 2514 Palaephaturn‚
1197 2429 1274 2492 Pha-

166 2531 307 2610 noclem,
335 2531 523 2617 Polybium,
553 2533 779 2617 Iosephurn;⁴)
809 2534 1027 2597 Romanorum
1055 2544 1160 2597 autern
1183 2533 1274 2597 Pom·

165 2638 271 2724 peium
295 2637 448 2725 Trogum,
471 2636 612 2715 Fabium,
629 2636 792 2700 Valerium
813 2637 980 2715 Antiatem,
1004 2634 1186 2715 Claudium,
1209 2634 1274 2702 Sal-

164 2738 293 2805 lustium
324 2749 355 2804 et
384 2740 452 2805 fere
480 2743 626 2826 ignotum
656 2739 801 2806 Galbam.
814 2742 841 2821 ⁵)
870 2781 915 2790 —
947 2739 1108 2805 Laudatus
1140 2737 1274 2825 quidem,

235 2944 270 3014 a)
293 2945 356 3014 1‚3.
375 2949 455 3023 pse.

235 3046 270 3117 3)
292 3046 343 3102 Ex.
355 3067 394 3122 gr.
412 3045 460 3116 lV,
473 3050 497 3103 5.
516 3051 612 3125 psat.
636 3047 739 3117 lV,13.
758 3053 853 3126 pano.
877 3047 911 3118 V,
926 3053 966 3106 15.
985 3071 1012 3128 p.
1022 3053 1073 3106 321
1088 3060 1115 3106 et
1126 3053 1189 3107 326.
1215 3049 1273 3118 Vll,

163 3135 189 3190 d.
207 3153 233 3210 p.
244 3136 305 3190 462.
329 3133 393 3201 Vll,
407 3137 448 3190 10.
467 3155 494 3211 p.
505 3131 565 3190 483.
589 3132 652 3203 Vll,
668 3140 709 3192 12.
728 3137 825 3214 pde.
847 3135 880 3192 al.
906 3168 939 3177 -
963 3135 1071 3192 Illiuime
1094 3135 1137 3192 lris
1162 3147 1191 3193 et
1215 3137 1272 3193 aliis

164 3217 349 3276 huiuscemodi
372 3219 440 3276 locis
462 3241 496 3276 ex
515 3219 712 3278 elocutionibus
731 3221 893 3299 pluralibus,
917 3231 948 3278 ut
966 3221 1112 3294 „historiei
1130 3223 1271 3291 tradunt“,

163 3316 217 3374 „ut
235 3305 343 3382 quidam
360 3305 482 3374 ferunt“,
500 3306 652 3382 „aliquanti
672 3307 798 3364 Graecos.
817 3308 880 3364 libri
887 3311 903 3337 ‘⁶
923 3308 957 3364 de
974 3308 1091 3386 plurium
1109 3313 1191 3366 etiarn
1210 3313 1272 3368 scri·

163 3401 269 3469 plorum
287 3413 339 3448 usu
357 3391 429 3469 apud
442 3391 571 3448 Orosium
589 3392 680 3468 colligi
697 3415 788 3471 posse,
808 3395 874 3451 inlra
886 3399 993 3472 saepius
1006 3395 1171 3454 videbimus:
1191 3418 1270 3474 quum

58 3475 60 3478 ’
162 3476 253 3535 verbis
271 3480 332 3534 istis
351 3497 404 3532 non
424 3477 503 3554 plane
522 3478 676 3555 descriptis,
695 3480 773 3538 facile
790 3485 880 3560 possit
899 3482 1086 3551 demonstrari,
1104 3486 1152 3560 qui
1166 3495 1194 3541 et
1207 3494 1270 3563 quot

162 3573 300 3620 auctorum
319 3563 420 3618 0rosio
438 3573 564 3619 notorum
581 3565 859 3644 atque'adhibitorum
877 3568 915 3625 ibi
934 3567 1125 3645 intelligantur.

231 3664 267 3735 d)
289 3665 333 3720 De
351 3664 425 3741 quib.
445 3663 476 3720 cf.
496 3663 542 3720 inf.
562 3667 584 3736 §.
595 3671 620 3723 8.

230 3765 266 3836 5)
289 3766 333 3821 De
351 3764 480 3844 Pompeio
497 3765 587 3843 Trogo
607 3769 639 3826 el.
658 3771 709 3827 sub
727 3771 839 3827 Iustino.
858 3772 881 3842 §.
892 3776 916 3828 7.
932 3807 960 3816 -
982 3771 1058 3828 Fabii
1076 3772 1136 3829 laus
1156 3773 1216 3843 (lv,
1229 3775 1267 3829 13.

159 3850 276 3928 p249.)
296 3870 310 3905 e
328 3849 398 3920 Liv,
417 3853 532 3909 fortasse
552 3875 584 3910 ex
602 3854 733 3935 Eutropio
751 3856 797 3925 ΙΙΙ,
809 3861 834 3914 2.
854 3858 988 3936 descripta
1007 3868 1056 3914 est.
1093 3858 1202 3916 Laudes
1220 3859 1267 3916 Va·

66 3959 68 3962 ·
159 3934 220 3991 lerii
237 3935 356 3993 Antiatis
379 3937 443 4010 (IV,
456 3943 499 3995 20.
525 3938 558 4009 V,
570 3943 589 3996 3
602 3953 628 3997 et
641 3947 701 4013 16.)
725 3953 753 3998 et
777 3943 884 4000 Claudii
908 3945 971 4014 (lv,
984 3948 1026 4000 20.
1050 3943 1084 4013 V,
1097 3949 1122 4001 3.
1132 3948 1159 4002 d.
1169 3956 1197 4001 et
1208 3947 1266 4014 2⁰.)

158 4025 223 4080 item
241 4044 256 4080 e
273 4023 352 4082 Livio
371 4035 505 4104 sumptae;
524 4029 567 4083 cui
585 4049 669 4105 aeque
688 4029 812 4086 Galbae*
829 4031 882 4100 (de
899 4030 971 4087 bello
985 4029 1157 4087 Sertoriano:
1177 4031 1212 4099 V,
1225 4035 1264 4086 23.
1314 4042 1316 4047 ’

157 4130 184 4187 p.
194 4112 272 4180 356.)
291 4131 388 4167 nomen
407 4111 505 4169 debere
523 4114 630 4171 videtur
643 4116 768 4173 Orosius.
786 4149 818 4160 -
839 4115 984 4173 Sallustius
997 4116 1039 4173 bis
1053 4120 1163 4175 citatur:
1185 4117 1229 4186 VI,
1241 4118 1263 4172 6.

158 4217 185 4274 p,
193 4200 254 4254 385.
274 4195 308 4254 de
326 4197 457 4269 Catilina,
476 4201 552 4257 cuins
571 4202 719 4258 coniuratio
737 4212 849 4280 propter
867 4201 991 4260 Sallustii
1008 4203 1107 4261 librum
1125 4203 1264 4263 celeberri-
