2640 4764
639 161 682 228 23

108 335 235 401 Orosio
260 343 293 399 et
314 334 512 421 presbyteris
535 338 641 401 amieis
665 341 740 416 eius,
762 340 806 402 ita
829 349 864 403 ut
887 361 927 405 00
949 345 1048 430 magis
1063 344 1215 410 Iohannis

105 438 273 505 noluerint
300 438 460 504 iudicium.
472 441 515 522 81)
566 443 713 506 Attamen
741 445 911 507 novissima
941 447 1008 509 eius
1038 451 1214 532 acquietum

107 554 158 608 est
180 545 352 609 sententia:
382 554 442 621 „ut
464 544 504 608 ad
528 544 656 609 beatum
678 547 899 610 Innocentium
923 549 992 628 (l),
1012 573 1127 636 papam
1149 555 1215 617 Ro·

104 669 248 725 manum,
275 647 387 711 fratres
412 657 444 711 et
467 648 622 733 epistolae
644 652 869 731 mitterentur„
887 655 1028 715 universi
1050 653 1137 738 quod
1159 654 1214 718 ille

106 751 297 814 decerneret
318 755 493 829 secuturi“;
519 756 640 816 interea
664 757 755 817 etiam
779 762 886 839 partes
909 757 1160 821 conticescerent
1183 768 1214 822 et

105 855 146 918 ab
170 857 292 919 iniuriis
314 857 449 918 invicem
469 879 504 920 se
519 856 723 920 abstinerent.
762 857 862 922 Gesta
877 868 951 921 sunt
966 859 1045 922 baec
1062 859 1113 924 die
1128 863 1214 925 XXX

105 960 225 1023 mensis
248 957 320 1022 lulii
342 980 428 1023 anno
452 962 526 1025 415.

193 1061 259 1126 Sed
283 1084 378 1147 quum
402 1062 454 1126 die
476 1075 552 1149 post
573 1066 658 1130 bunc
675 1063 917 1152 quadragesimo
934 1067 1079 1150 septime,
1103 1086 1213 1128 encae-

101 1169 232 1229 niorum
255 1168 366 1251 primo,
378 1168 431 1246 ³²),
453 1169 592 1234 Orosius
617 1168 875 1253 Hierosolymam
897 1170 1047 1246 venisset,
1071 1178 1103 1231 et
1123 1190 1212 1232 11010

102 1289 164 1333 010
189 1268 229 1332 ad
254 1269 441 1355 obsequium
465 1274 616 1337 lobannis
639 1273 845 1349 cucurrisset,
875 1271 1090 1358 blasphemiae
1114 1275 1213 1336 crimi-

103 1377 238 1437 natione
268 1385 417 1460 cxceptus
441 1388 489 1440 est
517 1376 557 1439 ab
583 1399 637 1456 eo,
665 1386 701 1441 ut
724 1378 832 1461 quiin
856 1386 1016 1439 conventu
1039 1374 1096 1439 illo
1121 1374 1212 1438 dixis-

102 1487 154 1541 set
175 1499 254 1556 „nec
276 1501 346 1543 cum
362 1481 427 1544 Dei
450 1479 610 1544 adiutorio
635 1483 737 1566 possit
761 1500 830 1543 esse
853 1478 949 1543 homo
966 1483 1034 1543 sine
1050 1483 1211 1564 peccato.‘⁴

103 1581 199 1665 Quae
229 1586 419 1663 criminatio,
447 1586 600 1648 incertum
629 1583 715 1647 unde
742 1592 827 1660 orta,
855 1605 930 1647 num
952 1581 1037 1646 malo
1061 1605 1098 1647 ex
1120 1581 1212 1646 intel-

101 1684 198 1764 lectu,
221 1696 357 1772 propter
379 1690 565 1774 imperitiam
585 1690 773 1772 interpretis,
786 1687 834 1766 38)
858 1707 921 1771 quo
938 1689 984 1749 uti
999 1708 1130 1751 necesse
1146 1687 1211 1750 lue-

101 1799 152 1852 rat
175 1792 209 1852 in
233 1800 406 1867 conventu,
432 1813 473 1854 an
496 1802 689 1879 suggerente
712 1791 855 1876 Pelagio,
878 1812 936 1875 per
952 1790 1106 1855 Orosium
1129 1793 1212 1875 peri-

103 1891 249 1968 clitante;
263 1896 304 1974 ³⁴)
331 1917 372 1958 an
395 1894 477 1958 adeo
502 1917 540 1958 ex
562 1894 644 1958 mala
666 1897 766 1980 ipsius
790 1893 940 1956 lobannis
964 1893 1210 1973 intentione,³⁵)

103 1996 259 2060 Orosium
282 1997 322 2061 ad
345 1997 543 2061 scribendam
567 1998 787 2062 defensionem
809 1996 939 2081 impulit,
967 2017 1047 2082 quae
1068 1994 1211 2060 inscribi-

101 2109 155 2163 tur
177 2100 355 2188 „apologia
378 2101 419 2164 de
442 2101 562 2165 arbitrii
585 2101 731 2165 libertate
740 2107 755 2134 “
777 2099 830 2164 vel
848 2103 941 2164 etiarn
964 2099 1210 2188 „apologeticus

101 2213 217 2267 contra
243 2205 405 2293 Pelagium
428 2205 468 2270 de
492 2204 613 2270 arbitrii
637 2204 819 2269 libertate.“
834 2205 876 2284 ³⁶)

99 2363 304 2375 ---——.

172 2466 224 2535 31)
248 2465 332 2534 „Non
353 2477 447 2544 potest
470 2469 611 2543 quisquam
633 2465 704 2522 idem
727 2476 754 2521 et
771 2465 923 2523 haereticus
941 2486 1003 2522 esse
1022 2475 1049 2521 et
1067 2464 1210 2521 advocatus

100 2562 128 2609 ct
146 2551 259 2609 iudex.“
287 2551 357 2629 apsel.
377 2574 403 2628 p.
414 2557 474 2608 593.

171 2639 224 2706 32)
248 2640 266 2694 i.
286 2658 307 2694 0.
328 2637 372 2694 die
389 2638 455 2694 XIV
473 2659 558 2694 mens.
578 2637 729 2714 septembr.
759 2637 814 2695 vid.
834 2637 880 2693 inl.
901 2636 1151 2695 additamentum.

173 2724 227 2794 33)
251 2722 293 2779 Cf.
318 2724 396 2800 apol:
413 2747 439 2802 p.
454 2728 506 2780 592
524 2726 629 2780 01594.
653 2734 680 2779 01
700 2724 842 2799 Augustis.
862 2722 896 2778 de
911 2726 997 2798 gestis
1015 2722 1116 2798 Pelagii
1134 2743 1156 2778 c.
1168 2725 1208 2780 16.
1275 2774 1278 2780 .

101 2832 167 2890 opp.
186 2810 227 2867 ed.
246 2809 347 2865 Rened.
367 2811 458 2868 111111.
487 2810 563 2866 Tem.
573 2811 608 2866 X.
627 2809 687 2866 Col.
699 2812 757 2867 144.

172 2897 224 2967 34)
251 2895 297 2951 Sic
320 2894 403 2952 Neris
425 2897 489 2953 bist.
513 2897 644 2971 Pelagian.
668 2896 708 2952 ed.
731 2917 794 2954 nov.
822 2894 1032 2952 [0111111702.
1056 2892 1102 2949 lol.
1124 2914 1151 2971 p.
1165 2895 1208 2949 30.

101 2983 204 3051 cola,
224 2985 270 3060 qui
282 2984 395 3039 maxime
407 2983 598 3040 catholicorum
611 2992 703 3038 contra
712 2981 847 3058 Pelagium
860 2992 887 3038 et
896 2980 1040 3036 lobannem
1052 3000 1108 3034 rem
1121 2981 1197 3054 gerit.

172 3069 225 3139 35)
249 3068 351 3125 Contra
374 3090 452 3145 quam
474 3071 628 3148 opinionem
650 3067 694 3125 vel
717 3071 813 3124 omnia.
857 3067 899 3124 cf.
917 3065 1056 3135 Neander,
1078 3063 1209 3120 Kirchen-

100 3156 191 3232 gescb.
210 3155 254 3210 lll.
273 3177 300 3232 p.
312 3159 387 3210 1222.
672 3226 676 3233 Ι

172 3244 225 3310 36)
248 3241 333 3296 Erant
356 3241 402 3317 qui
425 3240 608 3297 abiudicarent
631 3249 658 3295 et
680 3241 726 3316 qui
744 3249 836 3296 contra
856 3237 1010 3294 addicerent
1028 3235 1128 3291 Oresio
1147 3256 1209 3312 apo·

100 3329 252 3404 legeticum.
290 3328 412 3401 Quorum
430 3335 534 3404 partem
551 3336 653 3383 tantum
671 3326 742 3394 vidi,
759 3345 810 3380 100
829 3323 921 3402 doleo,
941 3323 1084 3390 confiteor,
1103 3325 1209 3400 conspi-

102 3433 164 3470 cere
188 3423 308 3470 caeteros
330 3435 373 3470 me
396 3414 557 3490 nequivisse.
599 3412 699 3468 Fontes
724 3413 848 3487 sequenti
870 3431 913 3466 res
931 3429 995 3464 sane
1014 3417 1056 3463 est
1074 3410 1146 3464 omni
1165 3429 1208 3464 ex·

102 3510 172 3556 emta
192 3499 281 3556 dubie.
321 3501 406 3557 Error
424 3492 582 3577 praesertim
600 3519 631 3554 eo
651 3501 805 3565 exstiterat,
829 3496 902 3573 qued
920 3503 1079 3550 conventum
1096 3493 1208 3570 presby·

102 3597 222 3642 terorum
245 3586 316 3642 bunc
334 3586 605 3662 Hierosolymitanum
629 3594 656 3640 et
674 3583 807 3660 synodum
825 3580 1052 3658 Diospolitanam,
1077 3580 1122 3654 qui
1139 3579 1208 3635 ficti-

102 3675 170 3729 ciam
189 3672 387 3728 contendebant
405 3672 568 3750 apologiam,
590 3690 645 3725 non
663 3679 841 3745 segregarunt.
883 3667 937 3724 Alii
956 3663 1006 3720 alia
1024 3664 1154 3721 obiecere.
1174 3699 1206 3710 -

103 3759 160 3833 Qui
184 3761 379 3837 expositionem
401 3758 575 3826 laudabilem,
600 3778 650 3812 una
672 3777 732 3812 cum
749 3755 890 3813 sententiis
910 3749 1068 3828 quibusdam
1086 3751 1208 3808 adversa-
1295 3802 1297 3806 .

102 3848 206 3901 riorum
228 3845 418 3901 nonnullorum
440 3864 602 3920 cognoscere
625 3842 723 3910 velint,
746 3842 835 3918 legant
857 3840 1013 3896 Garnerii
1035 3837 1155 3894 dissertt.
1173 3837 1207 3894 ad

102 3932 168 3988 bist.
185 3930 318 4007 Pelagian.
338 3934 493 4008 pertinentt.
512 3933 549 3997 (2
562 3933 618 3985 013
636 3931 725 4006 impr.
740 3928 864 3998 autern)
883 3930 925 3994 6,
942 3929 998 3982 03.
1017 3926 1044 3979 11
1064 3945 1127 4001 opp.
1138 3925 1206 3999 Aug.

103 4019 146 4074 ed.
165 4019 258 4074 Antw.
282 4018 428 4074 ToleI.
447 4039 473 4095 p.
483 4019 640 4072 att-250.

176 4103 232 4160 Sed
251 4105 329 4158 etiarn
348 4106 394 4180 qui
412 4104 521 4179 quidem
538 4121 698 4158 concessere
712 4099 813 4156 Oresio
832 4098 1034 4175 apologeticum,
1052 4096 1208 4151 1111111101

104 4193 139 4248 de
164 4211 243 4248 causa
267 4190 459 4268 disceptabant.
504 4189 679 4245 Inveniuntur
702 4188 772 4243 enim
794 4185 827 4242 ad
850 4184 1008 4242 hodiernum
1031 4202 1116 4257 usque
1136 4181 1207 4238 diem
