<?xml version="1.0" encoding="UTF-8"?>
<!DOCTYPE html PUBLIC "-//W3C//DTD XHTML 1.0 Transitional//EN"
    "http://www.w3.org/TR/xhtml1/DTD/xhtml1-transitional.dtd">
<html xmlns="http://www.w3.org/1999/xhtml" xml:lang="en" lang="en">
 <head>
  <title>
</title>
<meta http-equiv="Content-Type" content="text/html;charset=utf-8" />
  <meta name='ocr-system' content='tesseract 3.04.00' />
  <meta name='ocr-capabilities' content='ocr_page ocr_carea ocr_par ocr_line ocrx_word'/>
</head>
<body>
  <div class='ocr_page' id='page_1' title='image "./deorosiivitaeiu00mrgoog_0095.png"; bbox 0 0 2640 4764; ppageno 0'>
   <div class='ocr_carea' id='block_1_1' title="bbox 701 171 744 239">
    <p class='ocr_par' dir='ltr' id='par_1_1' title="bbox 701 171 744 239">
     <span class='ocr_line' id='line_1_1' title="bbox 701 171 744 239; baseline -0.047 0"><span class='ocrx_word' id='word_1_1' title='bbox 701 171 744 239; x_wconf 68' lang='lat'><strong>82</strong></span> 
     </span>
    </p>
   </div>
   <div class='ocr_carea' id='block_1_2' title="bbox 170 330 1278 954">
    <p class='ocr_par' dir='ltr' id='par_1_2' title="bbox 170 330 1278 954">
     <span class='ocr_line' id='line_1_2' title="bbox 170 330 1277 432; baseline -0.005 -13"><span class='ocrx_word' id='word_1_2' title='bbox 170 358 259 419; x_wconf 89' lang='lat' dir='ltr'><strong>tione</strong></span> <span class='ocrx_word' id='word_1_3' title='bbox 288 351 427 417; x_wconf 88' lang='lat' dir='ltr'><strong>Eusebii.</strong></span> <span class='ocrx_word' id='word_1_4' title='bbox 480 351 521 413; x_wconf 82' lang='lat' dir='ltr'><strong>ht</strong></span> <span class='ocrx_word' id='word_1_5' title='bbox 550 330 768 413; x_wconf 79' lang='lat' dir='ltr'><strong>observandae</strong></span> <span class='ocrx_word' id='word_1_6' title='bbox 798 351 832 411; x_wconf 91' lang='lat' dir='ltr'><strong>in</strong></span> <span class='ocrx_word' id='word_1_7' title='bbox 860 345 1056 432; x_wconf 84' lang='lat' dir='ltr'><strong>temporibus</strong></span> <span class='ocrx_word' id='word_1_8' title='bbox 1086 344 1277 414; x_wconf 82' lang='lat' dir='ltr'><strong>definiendis</strong></span> 
     </span>
     <span class='ocr_line' id='line_1_3' title="bbox 171 452 1278 539; baseline -0.005 -16"><span class='ocrx_word' id='word_1_9' title='bbox 171 459 302 524; x_wconf 87' lang='lat' dir='ltr'><strong>rationis</strong></span> <span class='ocrx_word' id='word_1_10' title='bbox 325 476 424 539; x_wconf 91' lang='lat' dir='ltr'><strong>aeque</strong></span> <span class='ocrx_word' id='word_1_11' title='bbox 447 456 609 539; x_wconf 89' lang='lat' dir='ltr'><strong>imperitus</strong></span> <span class='ocrx_word' id='word_1_12' title='bbox 632 453 768 518; x_wconf 89' lang='lat' dir='ltr'><strong>fortasse</strong></span> <span class='ocrx_word' id='word_1_13' title='bbox 791 461 885 536; x_wconf 88' lang='lat' dir='ltr'><strong>atque</strong></span> <span class='ocrx_word' id='word_1_14' title='bbox 907 454 1066 529; x_wconf 90' lang='lat' dir='ltr'><strong>incautus,</strong></span> <span class='ocrx_word' id='word_1_15' title='bbox 1095 452 1129 514; x_wconf 90' lang='lat' dir='ltr'><strong>in</strong></span> <span class='ocrx_word' id='word_1_16' title='bbox 1153 473 1278 517; x_wconf 90' lang='lat' dir='ltr'><strong>errores</strong></span> 
     </span>
     <span class='ocr_line' id='line_1_4' title="bbox 170 555 1277 647; baseline -0.004 -22"><span class='ocrx_word' id='word_1_17' title='bbox 170 560 324 647; x_wconf 88' lang='lat' dir='ltr'><strong>plurimos</strong></span> <span class='ocrx_word' id='word_1_18' title='bbox 353 559 431 623; x_wconf 88' lang='lat' dir='ltr'><strong>abiit</strong></span> <span class='ocrx_word' id='word_1_19' title='bbox 459 561 543 622; x_wconf 91' lang='lat' dir='ltr'><strong>hunc</strong></span> <span class='ocrx_word' id='word_1_20' title='bbox 568 560 602 621; x_wconf 94' lang='lat' dir='ltr'><strong>in</strong></span> <span class='ocrx_word' id='word_1_21' title='bbox 624 557 767 635; x_wconf 89' lang='lat' dir='ltr'><strong>modum,</strong></span> <span class='ocrx_word' id='word_1_22' title='bbox 796 565 832 619; x_wconf 94' lang='lat' dir='ltr'><strong>ut</strong></span> <span class='ocrx_word' id='word_1_23' title='bbox 855 557 976 620; x_wconf 88' lang='lat' dir='ltr'><strong>etiamsi</strong></span> <span class='ocrx_word' id='word_1_24' title='bbox 1000 565 1151 640; x_wconf 85' lang='lat' dir='ltr'><strong>corrupta</strong></span> <span class='ocrx_word' id='word_1_25' title='bbox 1175 555 1277 636; x_wconf 81' lang='lat' dir='ltr'><strong>multa,</strong></span> 
     </span>
     <span class='ocr_line' id='line_1_5' title="bbox 171 661 1278 747; baseline -0.003 -19"><span class='ocrx_word' id='word_1_26' title='bbox 171 686 233 729; x_wconf 91' lang='lat' dir='ltr'><strong>nec</strong></span> <span class='ocrx_word' id='word_1_27' title='bbox 253 685 329 728; x_wconf 92' lang='lat' dir='ltr'><strong>vere</strong></span> <span class='ocrx_word' id='word_1_28' title='bbox 352 664 528 740; x_wconf 88' lang='lat' dir='ltr'><strong>Orosiana,</strong></span> <span class='ocrx_word' id='word_1_29' title='bbox 556 661 643 747; x_wconf 91' lang='lat' dir='ltr'><strong>quod</strong></span> <span class='ocrx_word' id='word_1_30' title='bbox 671 663 785 725; x_wconf 81' lang='lat' dir='ltr'><strong>attinet</strong></span> <span class='ocrx_word' id='word_1_31' title='bbox 807 681 961 723; x_wconf 89' lang='lat' dir='ltr'><strong>annorum</strong></span> <span class='ocrx_word' id='word_1_32' title='bbox 984 679 1150 739; x_wconf 88' lang='lat' dir='ltr'><strong>numeros,</strong></span> <span class='ocrx_word' id='word_1_33' title='bbox 1181 663 1216 724; x_wconf 91' lang='lat' dir='ltr'><strong>in</strong></span> <span class='ocrx_word' id='word_1_34' title='bbox 1237 661 1278 724; x_wconf 88' lang='lat' dir='ltr'><strong>hi·</strong></span> 
     </span>
     <span class='ocr_line' id='line_1_6' title="bbox 172 762 1278 843; baseline -0.005 -10"><span class='ocrx_word' id='word_1_35' title='bbox 172 770 279 833; x_wconf 90' lang='lat' dir='ltr'><strong>storiis</strong></span> <span class='ocrx_word' id='word_1_36' title='bbox 300 766 397 831; x_wconf 89' lang='lat' dir='ltr'><strong>hodie</strong></span> <span class='ocrx_word' id='word_1_37' title='bbox 422 775 553 843; x_wconf 85' lang='lat' dir='ltr'><strong>exstent,</strong></span> <span class='ocrx_word' id='word_1_38' title='bbox 575 774 680 829; x_wconf 86' lang='lat' dir='ltr'><strong>tamen</strong></span> <span class='ocrx_word' id='word_1_39' title='bbox 705 769 796 829; x_wconf 89' lang='lat' dir='ltr'><strong>etiam</strong></span> <span class='ocrx_word' id='word_1_40' title='bbox 819 765 1018 827; x_wconf 83' lang='lat' dir='ltr'><strong>sincerrimus</strong></span> <span class='ocrx_word' id='word_1_41' title='bbox 1037 762 1179 828; x_wconf 85' lang='lat' dir='ltr'>Orosius</span> <span class='ocrx_word' id='word_1_42' title='bbox 1203 766 1278 828; x_wconf 92' lang='lat' dir='ltr'><strong>veri-</strong></span> 
     </span>
     <span class='ocr_line' id='line_1_7' title="bbox 172 866 1107 954; baseline -0.009 -17"><span class='ocrx_word' id='word_1_43' title='bbox 172 871 314 937; x_wconf 84' lang='lat' dir='ltr'><strong>similiter</strong></span> <span class='ocrx_word' id='word_1_44' title='bbox 335 868 458 935; x_wconf 90' lang='lat' dir='ltr'><strong>mendis</strong></span> <span class='ocrx_word' id='word_1_45' title='bbox 480 866 574 932; x_wconf 90' lang='lat' dir='ltr'><strong>valde</strong></span> <span class='ocrx_word' id='word_1_46' title='bbox 596 867 814 954; x_wconf 81' lang='lat' dir='ltr'><strong>vituperandis</strong></span> <span class='ocrx_word' id='word_1_47' title='bbox 838 866 941 931; x_wconf 89' lang='lat' dir='ltr'><strong>adhuc</strong></span> <span class='ocrx_word' id='word_1_48' title='bbox 963 875 1107 930; x_wconf 78' lang='lat' dir='ltr'><strong>scateret.</strong></span> 
     </span>
    </p>
   </div>
   <div class='ocr_carea' id='block_1_3' title="bbox 59 1177 1316 3626">
    <p class='ocr_par' dir='ltr' id='par_1_3' title="bbox 174 1177 1276 1554">
     <span class='ocr_line' id='line_1_8' title="bbox 261 1177 1276 1264; baseline 0 -20"><span class='ocrx_word' id='word_1_49' title='bbox 261 1182 364 1244; x_wconf 88' lang='lat' dir='ltr'><strong>Pauca</strong></span> <span class='ocrx_word' id='word_1_50' title='bbox 387 1177 525 1264; x_wconf 90' lang='lat' dir='ltr'><strong>denique</strong></span> <span class='ocrx_word' id='word_1_51' title='bbox 548 1177 691 1243; x_wconf 90' lang='lat' dir='ltr'><strong>adiiciam</strong></span> <span class='ocrx_word' id='word_1_52' title='bbox 715 1178 756 1243; x_wconf 93' lang='lat' dir='ltr'><strong>de</strong></span> <span class='ocrx_word' id='word_1_53' title='bbox 771 1181 898 1243; x_wconf 90' lang='lat' dir='ltr'><strong>summis</strong></span> <span class='ocrx_word' id='word_1_54' title='bbox 915 1198 1077 1254; x_wconf 90' lang='lat' dir='ltr'><strong>annorum,</strong></span> <span class='ocrx_word' id='word_1_55' title='bbox 1102 1199 1182 1262; x_wconf 86' lang='lat' dir='ltr'><strong>quas</strong></span> <span class='ocrx_word' id='word_1_56' title='bbox 1199 1180 1276 1244; x_wconf 92' lang='lat' dir='ltr'><strong>Oro-</strong></span> 
     </span>
     <span class='ocr_line' id='line_1_9' title="bbox 174 1280 1275 1368; baseline -0.004 -20"><span class='ocrx_word' id='word_1_57' title='bbox 174 1286 238 1348; x_wconf 89' lang='lat' dir='ltr'><strong>sius</strong></span> <span class='ocrx_word' id='word_1_58' title='bbox 261 1285 353 1347; x_wconf 91' lang='lat' dir='ltr'><strong>initio</strong></span> <span class='ocrx_word' id='word_1_59' title='bbox 378 1285 465 1345; x_wconf 90' lang='lat' dir='ltr'><strong>etin</strong></span> <span class='ocrx_word' id='word_1_60' title='bbox 489 1280 553 1346; x_wconf 85' lang='lat' dir='ltr'><strong>fine</strong></span> <span class='ocrx_word' id='word_1_61' title='bbox 576 1283 777 1347; x_wconf 80' lang='lat' dir='ltr'><strong>historiarum</strong></span> <span class='ocrx_word' id='word_1_62' title='bbox 800 1281 957 1368; x_wconf 85' lang='lat' dir='ltr'><strong>prodidit,</strong></span> <span class='ocrx_word' id='word_1_63' title='bbox 981 1280 1075 1345; x_wconf 88' lang='lat' dir='ltr'><strong>etde</strong></span> <span class='ocrx_word' id='word_1_64' title='bbox 1100 1281 1275 1346; x_wconf 89' lang='lat' dir='ltr'><strong>earumdem</strong></span> 
     </span>
     <span class='ocr_line' id='line_1_10' title="bbox 174 1383 1276 1474; baseline -0.004 -22"><span class='ocrx_word' id='word_1_65' title='bbox 174 1390 307 1474; x_wconf 81' lang='lat' dir='ltr'><strong>origine,</strong></span> <span class='ocrx_word' id='word_1_66' title='bbox 331 1406 411 1470; x_wconf 89' lang='lat' dir='ltr'><strong>quae</strong></span> <span class='ocrx_word' id='word_1_67' title='bbox 435 1407 528 1450; x_wconf 90' lang='lat' dir='ltr'><strong>causa</strong></span> <span class='ocrx_word' id='word_1_68' title='bbox 554 1396 650 1465; x_wconf 85' lang='lat' dir='ltr'><strong>erant,</strong></span> <span class='ocrx_word' id='word_1_69' title='bbox 673 1397 709 1450; x_wconf 95' lang='lat' dir='ltr'><strong>ut</strong></span> <span class='ocrx_word' id='word_1_70' title='bbox 724 1384 871 1450; x_wconf 89' lang='lat' dir='ltr'><strong>nonnulli</strong></span> <span class='ocrx_word' id='word_1_71' title='bbox 888 1406 991 1449; x_wconf 86' lang='lat' dir='ltr'><strong>aeram</strong></span> <span class='ocrx_word' id='word_1_72' title='bbox 1007 1383 1117 1449; x_wconf 88' lang='lat' dir='ltr'><strong>mundi</strong></span> <span class='ocrx_word' id='word_1_73' title='bbox 1132 1395 1276 1471; x_wconf 90' lang='lat' dir='ltr'><strong>putarent</strong></span> 
     </span>
     <span class='ocr_line' id='line_1_11' title="bbox 174 1487 540 1554; baseline -0.003 0"><span class='ocrx_word' id='word_1_74' title='bbox 174 1513 192 1554; x_wconf 89' lang='lat' dir='ltr'><strong>a</strong></span> <span class='ocrx_word' id='word_1_75' title='bbox 214 1490 337 1554; x_wconf 91' lang='lat' dir='ltr'><strong>Nostro</strong></span> <span class='ocrx_word' id='word_1_76' title='bbox 360 1487 540 1553; x_wconf 86' lang='lat' dir='ltr'><strong>adhibitam.</strong></span> 
     </span>
    </p>

    <p class='ocr_par' dir='ltr' id='par_1_4' title="bbox 173 1590 1316 2714">
     <span class='ocr_line' id='line_1_12' title="bbox 261 1590 1275 1680; baseline -0.002 -22"><span class='ocrx_word' id='word_1_77' title='bbox 261 1595 329 1672; x_wconf 93' lang='lat'><strong>1,1.</strong></span> <span class='ocrx_word' id='word_1_78' title='bbox 351 1595 415 1678; x_wconf 86' lang='lat' dir='ltr'><strong>p7.</strong></span> <span class='ocrx_word' id='word_1_79' title='bbox 439 1592 549 1680; x_wconf 86' lang='lat' dir='ltr'><strong>scribit</strong></span> <span class='ocrx_word' id='word_1_80' title='bbox 566 1593 704 1658; x_wconf 90' lang='lat' dir='ltr'><strong>Orosius</strong></span> <span class='ocrx_word' id='word_1_81' title='bbox 726 1593 833 1671; x_wconf 89' lang='lat' dir='ltr'><strong>„Sunt</strong></span> <span class='ocrx_word' id='word_1_82' title='bbox 855 1602 960 1658; x_wconf 87' lang='lat' dir='ltr'><strong>autem</strong></span> <span class='ocrx_word' id='word_1_83' title='bbox 984 1591 1022 1656; x_wconf 93' lang='lat' dir='ltr'><strong>ab</strong></span> <span class='ocrx_word' id='word_1_84' title='bbox 1038 1590 1141 1656; x_wconf 87' lang='lat' dir='ltr'><strong>Adam</strong></span> <span class='ocrx_word' id='word_1_85' title='bbox 1166 1631 1212 1643; x_wconf 91' lang='lat'>—</span> <span class='ocrx_word' id='word_1_86' title='bbox 1233 1615 1275 1656; x_wconf 87' lang='lat' dir='ltr'><strong>ns-</strong></span> 
     </span>
     <span class='ocr_line' id='line_1_13' title="bbox 174 1695 1273 1784; baseline -0.004 -21"><span class='ocrx_word' id='word_1_87' title='bbox 174 1720 235 1784; x_wconf 91' lang='lat' dir='ltr'><strong>que</strong></span> <span class='ocrx_word' id='word_1_88' title='bbox 265 1697 305 1761; x_wconf 91' lang='lat' dir='ltr'><strong>ad</strong></span> <span class='ocrx_word' id='word_1_89' title='bbox 333 1699 453 1760; x_wconf 88' lang='lat' dir='ltr'><strong>Ninum</strong></span> <span class='ocrx_word' id='word_1_90' title='bbox 475 1695 670 1782; x_wconf 85' lang='lat' dir='ltr'><strong>-quando</strong></span> <span class='ocrx_word' id='word_1_91' title='bbox 699 1706 791 1760; x_wconf 89' lang='lat' dir='ltr'><strong>natus</strong></span> <span class='ocrx_word' id='word_1_92' title='bbox 822 1707 870 1760; x_wconf 93' lang='lat' dir='ltr'><strong>est</strong></span> <span class='ocrx_word' id='word_1_93' title='bbox 896 1697 1032 1761; x_wconf 86' lang='lat' dir='ltr'><strong>Abraam</strong></span> <span class='ocrx_word' id='word_1_94' title='bbox 1061 1700 1139 1760; x_wconf 87' lang='lat' dir='ltr'><strong>anni</strong></span> <span class='ocrx_word' id='word_1_95' title='bbox 1162 1698 1273 1762; x_wconf 57' lang='lat' dir='ltr'>318⁴st</span> 
     </span>
     <span class='ocr_line' id='line_1_14' title="bbox 174 1798 1274 1887; baseline -0.005 -20"><span class='ocrx_word' id='word_1_96' title='bbox 174 1801 261 1867; x_wconf 92' lang='lat' dir='ltr'><strong>ldem</strong></span> <span class='ocrx_word' id='word_1_97' title='bbox 286 1799 382 1887; x_wconf 90' lang='lat' dir='ltr'><strong>plane</strong></span> <span class='ocrx_word' id='word_1_98' title='bbox 405 1821 553 1865; x_wconf 90' lang='lat' dir='ltr'><strong>numerus</strong></span> <span class='ocrx_word' id='word_1_99' title='bbox 577 1810 777 1884; x_wconf 88' lang='lat' dir='ltr'><strong>computatur</strong></span> <span class='ocrx_word' id='word_1_100' title='bbox 800 1821 837 1863; x_wconf 90' lang='lat' dir='ltr'><strong>err</strong></span> <span class='ocrx_word' id='word_1_101' title='bbox 859 1802 912 1878; x_wconf 91' lang='lat' dir='ltr'><strong>iis,</strong></span> <span class='ocrx_word' id='word_1_102' title='bbox 943 1801 1080 1884; x_wconf 78' lang='lat' dir='ltr'><strong>quae-in</strong></span> <span class='ocrx_word' id='word_1_103' title='bbox 1103 1798 1172 1864; x_wconf 87' lang='lat' dir='ltr'><strong>fine</strong></span> <span class='ocrx_word' id='word_1_104' title='bbox 1196 1800 1274 1862; x_wconf 90' lang='lat' dir='ltr'><strong>chro-</strong></span> 
     </span>
     <span class='ocr_line' id='line_1_15' title="bbox 173 1886 1316 1989; baseline -0.005 -18"><span class='ocrx_word' id='word_1_105' title='bbox 173 1909 237 1971; x_wconf 90' lang='lat' dir='ltr'><strong>nici</strong></span> <span class='ocrx_word' id='word_1_106' title='bbox 252 1904 425 1970; x_wconf 88' lang='lat' dir='ltr'><strong>Eusebiani</strong></span> <span class='ocrx_word' id='word_1_107' title='bbox 448 1905 570 1983; x_wconf 86' lang='lat' dir='ltr'><strong>(Ronc.</strong></span> <span class='ocrx_word' id='word_1_108' title='bbox 587 1902 661 1969; x_wconf 91' lang='lat' dir='ltr'><strong>Col.</strong></span> <span class='ocrx_word' id='word_1_109' title='bbox 674 1905 884 1983; x_wconf 77' lang='lat'><strong>519-520.)</strong></span> <span class='ocrx_word' id='word_1_110' title='bbox 908 1906 1085 1989; x_wconf 90' lang='lat' dir='ltr'><strong>composita</strong></span> <span class='ocrx_word' id='word_1_111' title='bbox 1100 1913 1185 1982; x_wconf 89' lang='lat' dir='ltr'><strong>sunt,</strong></span> <span class='ocrx_word' id='word_1_112' title='bbox 1207 1904 1274 1967; x_wconf 84' lang='lat' dir='ltr'><strong>Pro</strong></span> <span class='ocrx_word' id='word_1_113' title='bbox 1313 1886 1316 1911; x_wconf 78' lang='lat'><strong>¹</strong></span> 
     </span>
     <span class='ocr_line' id='line_1_16' title="bbox 174 2005 1273 2098; baseline -0.005 -23"><span class='ocrx_word' id='word_1_114' title='bbox 174 2014 260 2098; x_wconf 91' lang='lat' dir='ltr'><strong>speri</strong></span> <span class='ocrx_word' id='word_1_115' title='bbox 282 2010 522 2073; x_wconf 84' lang='lat' dir='ltr'><strong>continuatione</strong></span> <span class='ocrx_word' id='word_1_116' title='bbox 545 2011 725 2073; x_wconf 90' lang='lat' dir='ltr'><strong>recentiora</strong></span> <span class='ocrx_word' id='word_1_117' title='bbox 747 2006 802 2071; x_wconf 84' lang='lat' dir='ltr'><strong>iila</strong></span> <span class='ocrx_word' id='word_1_118' title='bbox 826 2006 952 2092; x_wconf 90' lang='lat' dir='ltr'><strong>quidem</strong></span> <span class='ocrx_word' id='word_1_119' title='bbox 975 2005 1080 2072; x_wconf 91' lang='lat' dir='ltr'><strong>iudice</strong></span> <span class='ocrx_word' id='word_1_120' title='bbox 1098 2005 1273 2084; x_wconf 87' lang='lat' dir='ltr'><strong>Roncallio,</strong></span> 
     </span>
     <span class='ocr_line' id='line_1_17' title="bbox 175 2108 1273 2199; baseline -0.005 -21"><span class='ocrx_word' id='word_1_121' title='bbox 175 2123 207 2178; x_wconf 92' lang='lat' dir='ltr'><strong>at</strong></span> <span class='ocrx_word' id='word_1_122' title='bbox 228 2117 261 2178; x_wconf 91' lang='lat' dir='ltr'><strong>in</strong></span> <span class='ocrx_word' id='word_1_123' title='bbox 284 2115 393 2199; x_wconf 93' lang='lat' dir='ltr'><strong>priore</strong></span> <span class='ocrx_word' id='word_1_124' title='bbox 415 2115 477 2175; x_wconf 90' lang='lat' dir='ltr'><strong>ianr</strong></span> <span class='ocrx_word' id='word_1_125' title='bbox 499 2111 632 2175; x_wconf 90' lang='lat' dir='ltr'><strong>Eusebii</strong></span> <span class='ocrx_word' id='word_1_126' title='bbox 654 2120 745 2197; x_wconf 90' lang='lat' dir='ltr'><strong>parte</strong></span> <span class='ocrx_word' id='word_1_127' title='bbox 770 2109 810 2190; x_wconf 87' lang='lat' dir='ltr'><strong>(l.</strong></span> <span class='ocrx_word' id='word_1_128' title='bbox 833 2114 867 2175; x_wconf 92' lang='lat' dir='ltr'><strong>in</strong></span> <span class='ocrx_word' id='word_1_129' title='bbox 889 2114 1021 2176; x_wconf 74' lang='lat' dir='ltr'><strong>nothd.</strong></span> <span class='ocrx_word' id='word_1_130' title='bbox 1045 2132 1140 2194; x_wconf 84' lang='lat' dir='ltr'><strong>supra</strong></span> <span class='ocrx_word' id='word_1_131' title='bbox 1165 2108 1203 2190; x_wconf 91' lang='lat' dir='ltr'><strong>l.)</strong></span> <span class='ocrx_word' id='word_1_132' title='bbox 1224 2108 1273 2174; x_wconf 79' lang='lat' dir='ltr'><strong>oh</strong></span> 
     </span>
     <span class='ocr_line' id='line_1_18' title="bbox 173 2215 1316 2300; baseline -0.002 -19"><span class='ocrx_word' id='word_1_133' title='bbox 173 2220 226 2281; x_wconf 89' lang='lat' dir='ltr'><strong>via</strong></span> <span class='ocrx_word' id='word_1_134' title='bbox 256 2237 293 2280; x_wconf 82' lang='lat' dir='ltr'><strong>ex</strong></span> <span class='ocrx_word' id='word_1_135' title='bbox 321 2217 446 2280; x_wconf 91' lang='lat' dir='ltr'><strong>ratione</strong></span> <span class='ocrx_word' id='word_1_136' title='bbox 469 2216 561 2300; x_wconf 31' lang='lat' dir='ltr'><strong>Lxx,</strong></span> <span class='ocrx_word' id='word_1_137' title='bbox 575 2215 847 2299; x_wconf 79' lang='lat' dir='ltr'><strong>interpretum.⁶⁹)</strong></span> <span class='ocrx_word' id='word_1_138' title='bbox 898 2215 991 2299; x_wconf 85' lang='lat' dir='ltr'><strong>Quae</strong></span> <span class='ocrx_word' id='word_1_139' title='bbox 1018 2236 1114 2299; x_wconf 94' lang='lat' dir='ltr'><strong>quum</strong></span> <span class='ocrx_word' id='word_1_140' title='bbox 1137 2216 1172 2277; x_wconf 92' lang='lat' dir='ltr'><strong>in</strong></span> <span class='ocrx_word' id='word_1_141' title='bbox 1197 2215 1274 2279; x_wconf 90' lang='lat' dir='ltr'><strong>chro-</strong></span> <span class='ocrx_word' id='word_1_142' title='bbox 1314 2254 1316 2299; x_wconf 59' lang='grc' dir='ltr'><strong>ς</strong></span> 
     </span>
     <span class='ocr_line' id='line_1_19' title="bbox 174 2319 1274 2404; baseline -0.001 -20"><span class='ocrx_word' id='word_1_143' title='bbox 174 2322 237 2384; x_wconf 89' lang='lat' dir='ltr'><strong>nici</strong></span> <span class='ocrx_word' id='word_1_144' title='bbox 261 2319 360 2383; x_wconf 84' lang='lat' dir='ltr'><strong>altera</strong></span> <span class='ocrx_word' id='word_1_145' title='bbox 382 2327 473 2404; x_wconf 86' lang='lat' dir='ltr'><strong>parte</strong></span> <span class='ocrx_word' id='word_1_146' title='bbox 496 2339 563 2383; x_wconf 92' lang='lat' dir='ltr'><strong>non</strong></span> <span class='ocrx_word' id='word_1_147' title='bbox 580 2321 790 2395; x_wconf 90' lang='lat' dir='ltr'><strong>inveniantur,</strong></span> <span class='ocrx_word' id='word_1_148' title='bbox 813 2320 888 2383; x_wconf 91' lang='lat' dir='ltr'><strong>mihi</strong></span> <span class='ocrx_word' id='word_1_149' title='bbox 903 2319 1038 2404; x_wconf 89' lang='lat' dir='ltr'><strong>quidem,</strong></span> <span class='ocrx_word' id='word_1_150' title='bbox 1061 2321 1207 2403; x_wconf 89' lang='lat' dir='ltr'><strong>quamvis</strong></span> <span class='ocrx_word' id='word_1_151' title='bbox 1221 2319 1274 2383; x_wconf 83' lang='lat' dir='ltr'><strong>Eu·</strong></span> 
     </span>
     <span class='ocr_line' id='line_1_20' title="bbox 174 2421 1273 2508; baseline -0.001 -21"><span class='ocrx_word' id='word_1_152' title='bbox 174 2421 304 2487; x_wconf 87' lang='lat' dir='ltr'><strong>sebiana</strong></span> <span class='ocrx_word' id='word_1_153' title='bbox 327 2442 365 2485; x_wconf 86' lang='lat' dir='ltr'><strong>ea</strong></span> <span class='ocrx_word' id='word_1_154' title='bbox 388 2441 542 2499; x_wconf 89' lang='lat' dir='ltr'><strong>censeam,</strong></span> <span class='ocrx_word' id='word_1_155' title='bbox 564 2423 683 2485; x_wconf 92' lang='lat' dir='ltr'><strong>minora</strong></span> <span class='ocrx_word' id='word_1_156' title='bbox 708 2430 813 2486; x_wconf 90' lang='lat' dir='ltr'><strong>tamen</strong></span> <span class='ocrx_word' id='word_1_157' title='bbox 836 2422 993 2501; x_wconf 89' lang='lat' dir='ltr'><strong>videntur,</strong></span> <span class='ocrx_word' id='word_1_158' title='bbox 1016 2443 1109 2508; x_wconf 90' lang='lat' dir='ltr'><strong>quam</strong></span> <span class='ocrx_word' id='word_1_159' title='bbox 1131 2433 1169 2486; x_wconf 93' lang='lat' dir='ltr'><strong>ut</strong></span> <span class='ocrx_word' id='word_1_160' title='bbox 1185 2423 1273 2487; x_wconf 82' lang='lat' dir='ltr'><strong>exhis</strong></span> 
     </span>
     <span class='ocr_line' id='line_1_21' title="bbox 175 2524 1316 2612; baseline -0.002 -22"><span class='ocrx_word' id='word_1_161' title='bbox 175 2524 253 2590; x_wconf 91' lang='lat' dir='ltr'><strong>solis</strong></span> <span class='ocrx_word' id='word_1_162' title='bbox 270 2524 423 2589; x_wconf 89' lang='lat' dir='ltr'><strong>Orosium</strong></span> <span class='ocrx_word' id='word_1_163' title='bbox 448 2535 479 2588; x_wconf 90' lang='lat' dir='ltr'><strong>et</strong></span> <span class='ocrx_word' id='word_1_164' title='bbox 501 2527 638 2609; x_wconf 90' lang='lat' dir='ltr'><strong>priore</strong></span> <span class='ocrx_word' id='word_1_165' title='bbox 658 2525 790 2590; x_wconf 88' lang='lat' dir='ltr'><strong>Eusebii</strong></span> <span class='ocrx_word' id='word_1_166' title='bbox 812 2539 901 2612; x_wconf 91' lang='lat' dir='ltr'><strong>parte</strong></span> <span class='ocrx_word' id='word_1_167' title='bbox 924 2550 1014 2592; x_wconf 90' lang='lat' dir='ltr'><strong>usum</strong></span> <span class='ocrx_word' id='word_1_168' title='bbox 1039 2548 1118 2604; x_wconf 89' lang='lat' dir='ltr'><strong>esse,</strong></span> <span class='ocrx_word' id='word_1_169' title='bbox 1140 2527 1196 2591; x_wconf 92' lang='lat' dir='ltr'><strong>vel</strong></span> <span class='ocrx_word' id='word_1_170' title='bbox 1211 2526 1274 2591; x_wconf 77' lang='lat' dir='ltr'><strong>ilie</strong></span> <span class='ocrx_word' id='word_1_171' title='bbox 1314 2558 1316 2563; x_wconf 96' lang='lat'>·</span> 
     </span>
     <span class='ocr_line' id='line_1_22' title="bbox 174 2606 1316 2714; baseline 0 -21"><span class='ocrx_word' id='word_1_172' title='bbox 174 2649 343 2714; x_wconf 86' lang='lat' dir='ltr'><strong>ronymum</strong></span> <span class='ocrx_word' id='word_1_173' title='bbox 367 2628 508 2693; x_wconf 88' lang='lat' dir='ltr'><strong>eamdem</strong></span> <span class='ocrx_word' id='word_1_174' title='bbox 531 2633 677 2708; x_wconf 90' lang='lat' dir='ltr'><strong>vertisse,</strong></span> <span class='ocrx_word' id='word_1_175' title='bbox 701 2639 834 2694; x_wconf 90' lang='lat' dir='ltr'><strong>statuam</strong></span> <span class='ocrx_word' id='word_1_176' title='bbox 857 2631 910 2695; x_wconf 90' lang='lat' dir='ltr'><strong>vel</strong></span> <span class='ocrx_word' id='word_1_177' title='bbox 933 2633 1108 2695; x_wconf 91' lang='lat' dir='ltr'><strong>coniiciam.</strong></span> <span class='ocrx_word' id='word_1_178' title='bbox 1122 2631 1176 2710; x_wconf 81' lang='lat'><strong>⁶⁰).</strong></span> <span class='ocrx_word' id='word_1_179' title='bbox 1313 2606 1316 2665; x_wconf 48' lang='grc' dir='ltr'><strong><em>Ε</em></strong></span> 
     </span>
    </p>

    <p class='ocr_par' dir='ltr' id='par_1_5' title="bbox 59 2732 1316 3027">
     <span class='ocr_line' id='line_1_23' title="bbox 262 2732 1274 2811; baseline 0 -14"><span class='ocrx_word' id='word_1_180' title='bbox 262 2733 353 2798; x_wconf 83' lang='lat' dir='ltr'><strong>Alter</strong></span> <span class='ocrx_word' id='word_1_181' title='bbox 375 2732 493 2797; x_wconf 91' lang='lat' dir='ltr'><strong>ibidem</strong></span> <span class='ocrx_word' id='word_1_182' title='bbox 516 2754 664 2797; x_wconf 90' lang='lat' dir='ltr'><strong>numerus</strong></span> <span class='ocrx_word' id='word_1_183' title='bbox 687 2734 739 2811; x_wconf 85' lang='lat' dir='ltr'><strong>„A</strong></span> <span class='ocrx_word' id='word_1_184' title='bbox 760 2736 848 2799; x_wconf 88' lang='lat' dir='ltr'><strong>Nino</strong></span> <span class='ocrx_word' id='word_1_185' title='bbox 873 2744 977 2799; x_wconf 89' lang='lat' dir='ltr'><strong>autem</strong></span> <span class='ocrx_word' id='word_1_186' title='bbox 999 2733 1053 2798; x_wconf 89' lang='lat' dir='ltr'><strong>vel</strong></span> <span class='ocrx_word' id='word_1_187' title='bbox 1071 2733 1211 2797; x_wconf 84' lang='lat' dir='ltr'><strong>Abraam</strong></span> <span class='ocrx_word' id='word_1_188' title='bbox 1232 2753 1274 2797; x_wconf 93' lang='lat' dir='ltr'><strong>us·</strong></span> 
     </span>
     <span class='ocr_line' id='line_1_24' title="bbox 175 2824 1316 2922; baseline -0.004 -20"><span class='ocrx_word' id='word_1_189' title='bbox 175 2859 236 2922; x_wconf 88' lang='lat' dir='ltr'><strong>que</strong></span> <span class='ocrx_word' id='word_1_190' title='bbox 258 2836 298 2901; x_wconf 89' lang='lat' dir='ltr'><strong>ad</strong></span> <span class='ocrx_word' id='word_1_191' title='bbox 318 2836 489 2902; x_wconf 90' lang='lat' dir='ltr'><strong>Caesarem</strong></span> <span class='ocrx_word' id='word_1_192' title='bbox 506 2836 682 2922; x_wconf 82' lang='lat' dir='ltr'><strong>Augustum</strong></span> <span class='ocrx_word' id='word_1_193' title='bbox 707 2875 747 2887; x_wconf 95' lang='lat'>-</span> <span class='ocrx_word' id='word_1_194' title='bbox 771 2840 966 2902; x_wconf 89' lang='lat' dir='ltr'><strong>nativitatem</strong></span> <span class='ocrx_word' id='word_1_195' title='bbox 986 2836 1106 2902; x_wconf 88' lang='lat' dir='ltr'><strong>Christi</strong></span> <span class='ocrx_word' id='word_1_196' title='bbox 1130 2875 1173 2888; x_wconf 94' lang='lat'>—</span> <span class='ocrx_word' id='word_1_197' title='bbox 1199 2855 1273 2900; x_wconf 91' lang='lat' dir='ltr'><strong>anno</strong></span> <span class='ocrx_word' id='word_1_198' title='bbox 1312 2824 1316 2893; x_wconf 78' lang='lat' dir='ltr'><strong>i</strong></span> 
     </span>
     <span class='ocr_line' id='line_1_25' title="bbox 59 2918 1316 3027; baseline -0.001 -24"><span class='ocrx_word' id='word_1_199' title='bbox 59 2977 64 2984; x_wconf 92' lang='lat'><strong>·</strong></span> <span class='ocrx_word' id='word_1_200' title='bbox 175 2943 298 3024; x_wconf 91' lang='lat' dir='ltr'><strong>imperii</strong></span> <span class='ocrx_word' id='word_1_201' title='bbox 327 2938 475 3004; x_wconf 89' lang='lat' dir='ltr'><strong>Caesaris</strong></span> <span class='ocrx_word' id='word_1_202' title='bbox 498 2939 584 3002; x_wconf 82' lang='lat' dir='ltr'>XLII</span> <span class='ocrx_word' id='word_1_203' title='bbox 613 2978 656 2988; x_wconf 95' lang='lat'>-</span> <span class='ocrx_word' id='word_1_204' title='bbox 686 2939 882 3027; x_wconf 80' lang='lat' dir='ltr'><strong>colliguntur</strong></span> <span class='ocrx_word' id='word_1_205' title='bbox 910 2945 985 3005; x_wconf 91' lang='lat' dir='ltr'><strong>anni</strong></span> <span class='ocrx_word' id='word_1_206' title='bbox 1013 2941 1126 3005; x_wconf 79' lang='lat'>2015“</span> <span class='ocrx_word' id='word_1_207' title='bbox 1154 2939 1275 3006; x_wconf 85' lang='lat' dir='ltr'><strong>Eusebii</strong></span> <span class='ocrx_word' id='word_1_208' title='bbox 1313 2918 1316 2981; x_wconf 62' lang='lat'>¹</span> 
     </span>
    </p>

    <p class='ocr_par' dir='ltr' id='par_1_6' title="bbox 177 3016 1316 3120">
     <span class='ocr_line' id='line_1_26' title="bbox 177 3016 1316 3120; baseline -0.002 -14"><span class='ocrx_word' id='word_1_209' title='bbox 177 3052 226 3107; x_wconf 77' lang='lat' dir='ltr'><strong>ese</strong></span> <span class='ocrx_word' id='word_1_210' title='bbox 247 3041 457 3120; x_wconf 77' lang='lat' dir='ltr'><strong>(notua).</strong></span> <span class='ocrx_word' id='word_1_211' title='bbox 1313 3016 1316 3061; x_wconf 80' lang='lat'>¹</span> 
     </span>
    </p>

    <p class='ocr_par' dir='ltr' id='par_1_7' title="bbox 176 3144 1275 3438">
     <span class='ocr_line' id='line_1_27' title="bbox 262 3144 1274 3234; baseline -0.001 -23"><span class='ocrx_word' id='word_1_212' title='bbox 262 3147 413 3231; x_wconf 92' lang='lat' dir='ltr'><strong>Denique</strong></span> <span class='ocrx_word' id='word_1_213' title='bbox 435 3148 469 3208; x_wconf 94' lang='lat' dir='ltr'><strong>in</strong></span> <span class='ocrx_word' id='word_1_214' title='bbox 483 3144 548 3209; x_wconf 89' lang='lat' dir='ltr'><strong>fine</strong></span> <span class='ocrx_word' id='word_1_215' title='bbox 563 3145 720 3210; x_wconf 89' lang='lat' dir='ltr'><strong>historiar.</strong></span> <span class='ocrx_word' id='word_1_216' title='bbox 739 3169 770 3231; x_wconf 92' lang='lat' dir='ltr'><strong>p.</strong></span> <span class='ocrx_word' id='word_1_217' title='bbox 784 3148 858 3212; x_wconf 78' lang='lat'><strong>587.</strong></span> <span class='ocrx_word' id='word_1_218' title='bbox 881 3147 1052 3234; x_wconf 87' lang='lat' dir='ltr'><strong>„Explicui,</strong></span> <span class='ocrx_word' id='word_1_219' title='bbox 1075 3149 1182 3232; x_wconf 91' lang='lat' dir='ltr'><strong>inquit</strong></span> <span class='ocrx_word' id='word_1_220' title='bbox 1198 3148 1274 3213; x_wconf 89' lang='lat' dir='ltr'><strong>Oro-</strong></span> 
     </span>
     <span class='ocr_line' id='line_1_28' title="bbox 176 3249 1275 3336; baseline -0.002 -22"><span class='ocrx_word' id='word_1_221' title='bbox 176 3252 255 3329; x_wconf 90' lang='lat' dir='ltr'><strong>sius,</strong></span> <span class='ocrx_word' id='word_1_222' title='bbox 284 3271 344 3336; x_wconf 89' lang='lat' dir='ltr'><strong>per</strong></span> <span class='ocrx_word' id='word_1_223' title='bbox 368 3270 470 3312; x_wconf 91' lang='lat' dir='ltr'><strong>annos</strong></span> <span class='ocrx_word' id='word_1_224' title='bbox 493 3251 631 3334; x_wconf 91' lang='lat' dir='ltr'><strong>quinque</strong></span> <span class='ocrx_word' id='word_1_225' title='bbox 653 3249 740 3314; x_wconf 91' lang='lat' dir='ltr'><strong>mille</strong></span> <span class='ocrx_word' id='word_1_226' title='bbox 763 3251 889 3331; x_wconf 87' lang='lat' dir='ltr'><strong>(milia)</strong></span> <span class='ocrx_word' id='word_1_227' title='bbox 912 3260 1079 3316; x_wconf 85' lang='lat' dir='ltr'><strong>sexcentos</strong></span> <span class='ocrx_word' id='word_1_228' title='bbox 1103 3258 1136 3313; x_wconf 91' lang='lat' dir='ltr'><strong>et</strong></span> <span class='ocrx_word' id='word_1_229' title='bbox 1159 3260 1275 3336; x_wconf 89' lang='lat' dir='ltr'><strong>septen-</strong></span> 
     </span>
     <span class='ocr_line' id='line_1_29' title="bbox 177 3350 1258 3438; baseline -0.003 -21"><span class='ocrx_word' id='word_1_230' title='bbox 177 3353 277 3417; x_wconf 91' lang='lat' dir='ltr'><strong>decim</strong></span> <span class='ocrx_word' id='word_1_231' title='bbox 301 3350 490 3437; x_wconf 88' lang='lat' dir='ltr'><strong>cupiditates</strong></span> <span class='ocrx_word' id='word_1_232' title='bbox 513 3361 546 3415; x_wconf 94' lang='lat' dir='ltr'><strong>et</strong></span> <span class='ocrx_word' id='word_1_233' title='bbox 566 3356 750 3438; x_wconf 88' lang='lat' dir='ltr'><strong>punitiones</strong></span> <span class='ocrx_word' id='word_1_234' title='bbox 772 3355 956 3420; x_wconf 89' lang='lat' dir='ltr'><strong>hominum“</strong></span> <span class='ocrx_word' id='word_1_235' title='bbox 973 3404 979 3420; x_wconf 98' lang='lat'><strong>.</strong></span> <span class='ocrx_word' id='word_1_236' title='bbox 996 3401 1029 3418; x_wconf 92' lang='lat'><strong>..</strong></span> <span class='ocrx_word' id='word_1_237' title='bbox 1071 3351 1258 3418; x_wconf 88' lang='lat' dir='ltr'><strong>Videamus:</strong></span> 
     </span>
    </p>

    <p class='ocr_par' dir='ltr' id='par_1_8' title="bbox 220 3453 1257 3626">
     <span class='ocr_line' id='line_1_30' title="bbox 220 3453 1257 3524; baseline 0.001 -5"><span class='ocrx_word' id='word_1_238' title='bbox 220 3454 260 3519; x_wconf 91' lang='lat' dir='ltr'><strong>ab</strong></span> <span class='ocrx_word' id='word_1_239' title='bbox 284 3455 385 3520; x_wconf 86' lang='lat' dir='ltr'><strong>Adam</strong></span> <span class='ocrx_word' id='word_1_240' title='bbox 409 3453 449 3518; x_wconf 90' lang='lat' dir='ltr'><strong>ad</strong></span> <span class='ocrx_word' id='word_1_241' title='bbox 471 3456 592 3520; x_wconf 94' lang='lat' dir='ltr'><strong>Ninum</strong></span> <span class='ocrx_word' id='word_1_242' title='bbox 616 3466 648 3521; x_wconf 94' lang='lat' dir='ltr'><strong>et</strong></span> <span class='ocrx_word' id='word_1_243' title='bbox 669 3456 805 3523; x_wconf 87' lang='lat' dir='ltr'><strong>Abraam</strong></span> <span class='ocrx_word' id='word_1_244' title='bbox 828 3470 902 3524; x_wconf 92' lang='lat' dir='ltr'><strong>sunt</strong></span> <span class='ocrx_word' id='word_1_245' title='bbox 925 3462 999 3524; x_wconf 92' lang='lat' dir='ltr'><strong>anni</strong></span> <span class='ocrx_word' id='word_1_246' title='bbox 1064 3507 1071 3521; x_wconf 93' lang='lat'><strong>.</strong></span> <span class='ocrx_word' id='word_1_247' title='bbox 1119 3503 1126 3520; x_wconf 93' lang='lat'><strong>.</strong></span> <span class='ocrx_word' id='word_1_248' title='bbox 1173 3457 1257 3521; x_wconf 72' lang='lat'><strong>3184</strong></span> 
     </span>
     <span class='ocr_line' id='line_1_31' title="bbox 220 3556 1257 3626; baseline 0.003 -4"><span class='ocrx_word' id='word_1_249' title='bbox 220 3559 259 3622; x_wconf 93' lang='lat' dir='ltr'><strong>ab</strong></span> <span class='ocrx_word' id='word_1_250' title='bbox 284 3559 421 3623; x_wconf 83' lang='lat' dir='ltr'><strong>Abraam</strong></span> <span class='ocrx_word' id='word_1_251' title='bbox 445 3556 486 3620; x_wconf 94' lang='lat' dir='ltr'><strong>ad</strong></span> <span class='ocrx_word' id='word_1_252' title='bbox 510 3558 585 3624; x_wconf 89' lang='lat' dir='ltr'><strong>Chr.</strong></span> <span class='ocrx_word' id='word_1_253' title='bbox 609 3571 674 3625; x_wconf 87' lang='lat' dir='ltr'><strong>nat.</strong></span> <span class='ocrx_word' id='word_1_254' title='bbox 739 3607 1126 3626; x_wconf 91' lang='lat'><strong>........</strong></span> <span class='ocrx_word' id='word_1_255' title='bbox 1173 3562 1257 3626; x_wconf 78' lang='lat'>2015</span> 
     </span>
    </p>
   </div>
   <div class='ocr_carea' id='block_1_4' title="bbox 176 3666 1275 3854">
    <p class='ocr_par' dir='ltr' id='par_1_9' title="bbox 176 3666 1275 3854">
     <span class='ocr_line' id='line_1_32' title="bbox 176 3666 1275 3854; baseline 0.006 -29"><span class='ocrx_word' id='word_1_256' title='bbox 176 3783 257 3847; x_wconf 90' lang='lat' dir='ltr'><strong>quos</strong></span> <span class='ocrx_word' id='word_1_257' title='bbox 280 3765 306 3825; x_wconf 89' lang='lat' dir='ltr'><strong>si</strong></span> <span class='ocrx_word' id='word_1_258' title='bbox 329 3762 468 3827; x_wconf 88' lang='lat' dir='ltr'><strong>detrahis</strong></span> <span class='ocrx_word' id='word_1_259' title='bbox 491 3785 509 3826; x_wconf 88' lang='lat' dir='ltr'><strong>a</strong></span> <span class='ocrx_word' id='word_1_260' title='bbox 532 3767 618 3831; x_wconf 82' lang='lat'>5617</span> <span class='ocrx_word' id='word_1_261' title='bbox 640 3767 711 3846; x_wconf 85' lang='lat' dir='ltr'><strong>iliis,</strong></span> <span class='ocrx_word' id='word_1_262' title='bbox 735 3769 800 3834; x_wconf 77' lang='lat'><strong>418</strong></span> <span class='ocrx_word' id='word_1_263' title='bbox 822 3666 1151 3854; x_wconf 68' lang='lat' dir='ltr'><strong>relinquunturfidddi.</strong></span> <span class='ocrx_word' id='word_1_264' title='bbox 1173 3670 1275 3837; x_wconf 65' lang='lat' dir='ltr'><strong>5Iddde</strong></span> 
     </span>
    </p>
   </div>
   <div class='ocr_carea' id='block_1_5' title="bbox 244 4021 887 4107">
    <p class='ocr_par' dir='ltr' id='par_1_10' title="bbox 244 4021 887 4107">
     <span class='ocr_line' id='line_1_33' title="bbox 244 4021 887 4107; baseline 0.017 -31"><span class='ocrx_word' id='word_1_265' title='bbox 244 4021 296 4093; x_wconf 80' lang='lat'><strong>59)</strong></span> <span class='ocrx_word' id='word_1_266' title='bbox 320 4021 363 4078; x_wconf 82' lang='lat' dir='ltr'><strong>Cf.</strong></span> <span class='ocrx_word' id='word_1_267' title='bbox 382 4023 478 4101; x_wconf 80' lang='lat' dir='ltr'><strong>Scalig.</strong></span> <span class='ocrx_word' id='word_1_268' title='bbox 498 4028 627 4085; x_wconf 86' lang='lat' dir='ltr'><strong>animadv.</strong></span> <span class='ocrx_word' id='word_1_269' title='bbox 646 4032 675 4086; x_wconf 90' lang='lat' dir='ltr'><strong>in</strong></span> <span class='ocrx_word' id='word_1_270' title='bbox 692 4029 790 4086; x_wconf 87' lang='lat' dir='ltr'><strong>Euseb.</strong></span> <span class='ocrx_word' id='word_1_271' title='bbox 809 4050 834 4107; x_wconf 92' lang='lat' dir='ltr'><strong>p.</strong></span> <span class='ocrx_word' id='word_1_272' title='bbox 847 4033 887 4091; x_wconf 78' lang='lat' dir='ltr'><strong>lt.</strong></span> 
     </span>
    </p>
   </div>
   <div class='ocr_carea' id='block_1_6' title="bbox 174 4107 1273 4269">
    <p class='ocr_par' dir='ltr' id='par_1_11' title="bbox 174 4107 1273 4269">
     <span class='ocr_line' id='line_1_34' title="bbox 244 4107 1273 4186; baseline 0.004 -21"><span class='ocrx_word' id='word_1_273' title='bbox 244 4107 296 4179; x_wconf 85' lang='grc'><strong>60)</strong></span> <span class='ocrx_word' id='word_1_274' title='bbox 319 4107 363 4164; x_wconf 87' lang='lat' dir='ltr'><strong>De</strong></span> <span class='ocrx_word' id='word_1_275' title='bbox 386 4130 436 4186; x_wconf 89' lang='lat' dir='ltr'><strong>qua</strong></span> <span class='ocrx_word' id='word_1_276' title='bbox 461 4131 502 4181; x_wconf 90' lang='lat' dir='ltr'><strong>re,</strong></span> <span class='ocrx_word' id='word_1_277' title='bbox 528 4123 558 4170; x_wconf 87' lang='lat' dir='ltr'><strong>ut</strong></span> <span class='ocrx_word' id='word_1_278' title='bbox 580 4124 686 4185; x_wconf 86' lang='lat' dir='ltr'><strong>notum,</strong></span> <span class='ocrx_word' id='word_1_279' title='bbox 710 4115 822 4172; x_wconf 90' lang='lat' dir='ltr'><strong>multum</strong></span> <span class='ocrx_word' id='word_1_280' title='bbox 845 4125 975 4174; x_wconf 87' lang='lat' dir='ltr'><strong>certatum</strong></span> <span class='ocrx_word' id='word_1_281' title='bbox 997 4128 1046 4176; x_wconf 87' lang='lat' dir='ltr'><strong>est.</strong></span> <span class='ocrx_word' id='word_1_282' title='bbox 1088 4118 1132 4178; x_wconf 84' lang='lat' dir='ltr'><strong>Cf.</strong></span> <span class='ocrx_word' id='word_1_283' title='bbox 1152 4114 1273 4176; x_wconf 83' lang='lat' dir='ltr'><strong>Aucherii</strong></span> 
     </span>
     <span class='ocr_line' id='line_1_35' title="bbox 174 4191 821 4269; baseline 0.015 -20"><span class='ocrx_word' id='word_1_284' title='bbox 174 4191 256 4268; x_wconf 80' lang='lat' dir='ltr'><strong>praei.</strong></span> <span class='ocrx_word' id='word_1_285' title='bbox 274 4212 300 4269; x_wconf 91' lang='lat' dir='ltr'><strong>p.</strong></span> <span class='ocrx_word' id='word_1_286' title='bbox 313 4196 356 4252; x_wconf 77' lang='lat'><strong>28.</strong></span> <span class='ocrx_word' id='word_1_287' title='bbox 375 4205 436 4252; x_wconf 86' lang='lat' dir='ltr'><strong>ante</strong></span> <span class='ocrx_word' id='word_1_288' title='bbox 454 4198 517 4257; x_wconf 85' lang='lat' dir='ltr'><strong>edit.</strong></span> <span class='ocrx_word' id='word_1_289' title='bbox 537 4200 686 4259; x_wconf 82' lang='lat' dir='ltr'><strong>Armeniae.</strong></span> <span class='ocrx_word' id='word_1_290' title='bbox 704 4201 821 4260; x_wconf 84' lang='lat' dir='ltr'><strong>Eusebii.</strong></span> 
     </span>
    </p>
   </div>
   <div class='ocr_carea' id='block_1_7' title="bbox 0 0 1332 4764">
    <p class='ocr_par' dir='ltr' id='par_1_12' title="bbox 0 0 1332 4764">
     <span class='ocr_line' id='line_1_36' title="bbox 0 0 1332 4764; baseline 0 0"><span class='ocrx_word' id='word_1_291' title='bbox 0 0 1332 4764; x_wconf 95' lang='lat' dir='ltr'><strong> </strong></span> 
     </span>
    </p>
   </div>
  </div>
 </body>
</html>
