2640 4764
591 230 654 297 127

140 404 310 484 Repetuntur
333 403 432 461 deiude
454 404 582 481 quaedam
605 426 632 483 p.
646 408 699 462 ³25
714 408 828 474 atsto,
854 426 921 483 quae
945 407 1085 484 temporib.
1110 406 1176 465 belli

66 492 219 568 Iugurthini
238 502 264 547 et
281 490 361 569 paulo
380 501 441 547 ante
459 492 623 548 acciderant:
641 514 667 570 p.
678 495 739 549 325.
757 493 918 570 prodigium,
937 495 962 549 si
978 496 1029 562 vis,
1048 497 1077 550 iu
1088 493 1176 551 Helvii

67 581 169 654 equitis
192 577 256 634 filia.
294 601 320 656 p.
334 581 408 649 323³
432 588 488 637 tres
505 577 670 653 virg..Vest.
691 588 832 656 cormptae
851 588 900 635 etc.
920 580 1062 647 manifesto
1082 600 1097 637 e
1114 579 1174 655 Lir.

65 664 163 722 LXlll.
182 663 233 736 (cl.
251 663 299 720 lul.
314 664 381 720 Obs.
401 685 423 720 c.
434 667 488 732 97,
507 664 630 732 similem,
648 663 698 735 sed
710 662 811 721 Nostro
823 665 997 737 brevior-em.)
1011 701 1043 711 -
1063 667 1095 723 C.
1109 667 1175 722 Cas-

65 754 125 809 sius
144 770 220 808 cons.
239 772 290 807 nna
309 771 331 806 c.
350 750 381 806 L.
395 750 493 809 Pisone
516 750 603 826 legato
627 771 640 805 s
660 749 797 826 Tigurinis
821 752 1019 808 circumventos
1042 762 1070 808 et
1089 754 1174 821 ‚inter-

66 837 169 904 lectos3
192 836 326 915 Popillius
344 836 412 892 alter
430 836 479 912 leg.
500 836 609 892 obsides
628 836 687 905 dat,
709 847 822 915 propter
840 857 909 913 quos
927 847 1022 914 postea
1040 837 1084 895 die
1103 837 1173 895 dicta

65 927 93 981 in
121 923 230 980 exilium
253 924 316 979 abit.
349 943 363 978 e
385 921 445 980 Liv.
463 922 538 979 LXV
557 925 635 1000 impr.
657 951 693 963 —
716 923 819 1001 Caepio
842 943 917 1001 proc.
942 923 1070 980 Tolosam
1093 927 1174 1002 capit,

64 1009 193 1089 praedam
215 1011 374 1065 intervertit.
402 1007 587 1072 etintxv
606 1011 664 1064 sive
681 1007 805 1068 LXV11.?
834 1009 954 1086 [singula
978 1008 1107 1087 quaedam
1125 1010 1173 1094 uix

64 1097 97 1153 ai.
117 1096 242 1166 habeas]
1073 1135 1077 1142 -
1107 1164 1110 1169 .

137 1182 171 1248 V,
186 1185 225 1238 lo.
249 1202 275 1259 p.
289 1182 460 1237 327-331.:
484 1179 516 1237 C.
529 1179 644 1237 lliaulius
664 1201 737 1238 cous.
757 1191 784 1237 et
802 1181 836 1256 Q.
851 1181 953 1262 Caepio
972 1203 1047 1261 proc.
1065 1204 1080 1238 a
1100 1182 1172 1243 Cim·

63 1271 132 1338 bris,
151 1267 305 1336 Teutonib,
323 1266 459 1343 Tigurinis
479 1276 505 1323 et
523 1267 704 1324 Ambronibus
723 1266 756 1323 ad
770 1267 929 1325 Rhodanum
948 1271 1020 1325 victi.
1039 1262 1098 1325 sec.i
1111 1267 1170 1326 Liv.

64 1355 175 1413 txvlt.
200 1352 290 1431 [quod
314 1355 392 1408 etiam
414 1374 463 1431 per
481 1353 617 1409 Antiatem
637 1353 772 1410 laudatum
795 1356 853 1426 (sic
872 1375 979 1431 quoque
998 1356 1025 1411 in
1045 1356 1108 1432 epit.
1126 1348 1172 1411 Li·'¹

62 1446 134 1499 vion.
152 1461 203 1520 pro
222 1439 335 1496 barbaro
354 1459 431 1507 „sec
450 1440 660 1508 Arausionem“,'
681 1451 711 1496 ut
729 1440 818 1509 hodie,
838 1451 880 1497 cst
898 1440 1056 1516 legendum)
1076 1441 1172 1498 confir-

61 1538 157 1586 matur.
172 1558 204 1570 -
223 1526 254 1581 in
271 1524 383 1601 singulis
403 1526 531 1601 quaedam
549 1525 581 1580 al.
601 1546 654 1580 nou
673 1526 831 1604 reperienda
850 1527 883 1583 de
900 1548 996 1605 pogna.
1012 1560 1044 1572 -
1062 1526 1170 1583 initium

61 1617 151 1672 tribus
169 1614 294 1691 Eutropii
311 1611 390 1667 lineis
407 1611 441 1679 V,
457 1616 480 1668 l.
499 1610 555 1667 lere
573 1630 725 1667 consonum.
746 1646 778 1656 -
799 1612 831 1668 Si
848 1632 913 1669 vero
933 1611 1049 1669 Orosius
1067 1612 1102 1670 Μ.
1116 1613 1171 1669 Au·

62 1703 160 1760 relium
178 1697 342 1770 (Scaurum)
362 1697 494 1754 consular.
514 1697 659 1774 (legatum)
686 1700 713 1754 in
735 1718 823 1777 pugna
845 1699 892 1756 illa
914 1699 1046 1756 cecidisse
1064 1694 1168 1768 scribit,

60 1809 117 1845 uon
136 1808 159 1843 c.
177 1784 255 1841 Livio
274 1785 362 1840 iacere
379 1784 510 1854 videtur]

132 1894 160 1951 p.
172 1874 246 1929 328³
266 1871 300 1944 Q.
312 1870 374 1926 Fab.
389 1870 455 1927 lilax.
471 1870 642 1940 (Serviliam)
660 1870 718 1927 lilio
736 1869 886 1941 interiecto,
905 1880 1045 1948 accusatus
1065 1871 1169 1929 damna-

61 1970 113 2017 tur.
149 1956 207 2028 [Ut
224 1978 267 2035 ap.
286 1956 366 2013 Oros.
386 1977 427 2034 ap.
446 1957 548 2013 nullom
568 1956 614 2028 al]
875 1966 878 1970 ’

131 2045 235 2123 Pffli²
257 2043 357 2099 illarius
381 2042 415 2098 ad
435 2043 536 2099 isaram
548 2044 600 2116 (l)
618 2042 831 2122 Rhodanumque
853 2043 1030 2100 aTeutonib.
1051 2053 1101 2100 etc.
1121 2064 1168 2124 op·

59 2140 207 2210 pugnatur-3
231 2129 407 2185 discedentib.
427 2131 460 2185 iis
479 2139 566 2205 castra
584 2141 681 2187 movet.
707 2131 760 2187 duo
779 2130 878 2209 praelis
897 2130 930 2186 ad
946 2131 1038 2207 Aquas
1052 2130 1167 2188 Sextias.

61 2240 75 2274 e
93 2217 153 2275 Liv.
172 2215 292 2273 vasst.
326 2216 378 2285 [Et
395 2214 439 2271 hic
457 2217 485 2271 in
503 2218 714 2286 conversionib,
733 2219 812 2274 sicuti
830 2219 922 2295 paucis
941 2209 1006 2273 ¹alibi
1023 2224 1077 2272 n'on
1094 2221 1169 2274 inve·

59 2303 167 2360 niendis
185 2302 281 2358 Nostri
305 2301 404 2358 iontem
427 2304 567 2380 proprium
590 2302 778 2381 deprehendis.
820 2303 876 2360 Sed
896 2301 965 2360 male
982 2303 1080 2360 adiecit
1097 2303 1168 2360 Oro-

59 2394 116 2448 sius
136 2389 232 2459 „Haec
251 2388 285 2445 dc
299 2388 472 2464 Tigurinis
492 2399 519 2444 et
532 2388 713 2445 Ambronibus
731 2399 805 2465 gesta
824 2392 918 2459 sunt“,
938 2411 1020 2467 quum
1037 2390 1092 2447 lere
1110 2391 1169 2447 uhi·

60 2499 111 2555 quc
130 2478 165 2533 de
184 2475 393 2532 Teutonibus
412 2485 439 2532 et
453 2475 581 2531 Ambron.
601 2474 667 2532 haec
684 2487 759 2551 gestu
777 2487 891 2532 exstent.
923 2476 1034 2546 Vitium,
1053 2487 1083 2534 nt
1100 2477 1167 2534 mibi

59 2563 168 2640 quidem
190 2561 311 2628 videtur,
334 2582 383 2639 per
400 2563 560 2639 Eutropium
578 2562 611 2630 V,
632 2567 655 2618 l.
674 2562 812 2640 illapsum,
836 2583 951 2638 quocum
973 2565 1079 2620 initium
1102 2584 1167 2641 quo·

58 2648 200 2707 dammodo
224 2668 376 2713 commuue,
400 2658 427 2704 et
448 2647 493 2704 hic
515 2647 596 2725 plane
618 2649 727 2704 eosdem
749 2669 850 2705 caesor.
871 2658 898 2705 et
919 2659 1020 2726 ceptor.
1039 2670 1166 2706 numeros

57 2735 140 2792 habet
163 2733 287 2790 Orosius.
329 2734 379 2790 lile
403 2737 473 2790 enim
496 2734 591 2791 scribit
612 2733 628 2790 l.
648 2732 667 2790 l.
690 2734 816 2803 „interea
841 2733 944 2790 Cimbri
967 2744 994 2790 et
1017 2734 1165 2805 Teutones,

58 2842 172 2899 qnorum
195 2823 271 2898 copia
295 2820 382 2877 adhuc
404 2821 508 2877 infinita
527 2831 596 2888 erat,
619 2821 652 2878 ad
670 2819 772 2877 ltaliam
789 2822 986 2879 transierunt.“
1023 2821 1101 2894 Quae
1118 2822 1166 2879 ubi

57 2908 160 2985 legerat
177 2907 286 2975 Noster,
305 2926 358 2963 non
378 2907 511 2964 dubitavit
527 2910 642 2986 primum
660 2927 761 2986 ponere
778 2907 873 2976 „Haec
891 2907 926 2963 de
938 2907 1049 2982 Tigur.“
1066 2918 1119 2965 etc.
1138 2919 1167 2965 ot

57 3005 113 3052 tum
133 3013 244 3072 porgere
263 2992 423 3061 „Teutones
442 3005 528 3050 autem
547 3005 575 3050 et
594 2993 710 3063 Cimbri,
729 2998 840 3072 integris
860 2996 969 3073 copiis“
988 2997 1052 3066 otc]
1140 3016 1142 3021 ·

128 3102 155 3158 p.
165 3083 336 3136 aue-est:
356 3080 462 3136 Bellum
481 3080 644 3137 Cimbricum
663 3080 754 3139 Catuli
772 3092 800 3138 et
817 3082 894 3143 illarii
914 3084 957 3152 (in
976 3084 1076 3160 campis
1094 3082 1164 3140 liau-

57 3167 128 3238 diis)
147 3187 199 3222 sec.
213 3164 271 3222 Liv.
290 3164 411 3222 valtl.
434 3166 550 3236 [Eadem
568 3177 648 3243 atque
666 3177 742 3224 antea
761 3168 898 3224 observes.
924 3167 1081 3224 Latinorum
1095 3170 1169 3226 Oro·

57 3256 113 3310 sius
138 3251 194 3308 lere
217 3254 433 3329 copiosissimus,
456 3252 534 3330 plura
556 3255 632 3311 solus
655 3255 774 3333 praebet.
810 3252 853 3310 Cf.
876 3265 905 3310 et
925 3254 981 3311 loh.
1001 3254 1035 3310 de
1052 3255 1163 3312 liliiller:

56 3338 118 3394 bell.
134 3337 260 3394 Cimbric.
281 3359 317 3394 cc.
331 3342 347 3394 6
361 3350 388 3393 et
401 3341 438 3409 7.]
459 3372 491 3381 -
516 3339 617 3398 Public.
631 3341 782 3408 Malleolus,
800 3351 883 3397 matre
902 3343 1000 3412 occiso,
1017 3341 1163 3400 inculcem

56 3427 163 3481 insutus
182 3425 209 3480 iu
227 3445 299 3480 more
317 3428 462 3502 proiectus.
487 3446 538 3483 sec.
557 3427 617 3484 Liv.
637 3427 654 3484 l.
673 3429 690 3485 l.

126 3510 160 3577 V,
175 3513 215 3566 17.
234 3532 261 3588 p.
270 3515 360 3567 332-
369 3515 443 3568 set:
462 3512 566 3570 Seditio
579 3515 707 3571 auctorib.
721 3513 751 3570 L.
763 3512 896 3591 Appuleio
909 3511 1064 3583 Satumino‚
1082 3516 1164 3576 Glau-

54 3600 109 3664 cia,
127 3596 226 3666 llario,
245 3598 277 3654 al.
298 3631 331 3640 -
354 3597 480 3655 liletellus
498 3598 629 3656 Numidis.
649 3600 734 3656 exsul.
769 3600 868 3656 illarius
887 3609 915 3655 et
932 3599 1028 3657 Furius
1048 3601 1163 3663 Catonis

53 3693 82 3738 et
104 3683 226 3761 Pompeii
253 3687 384 3761 rogationi
409 3685 442 3741 de
464 3685 567 3742 llletelli
588 3687 677 3743 reditu
700 3687 877 3744 intercedunt.
908 3707 962 3743 sec.
985 3686 1044 3744 Liv.
1062 3688 1160 3745 thx.

54 3769 103 3838 [lu
122 3768 235 3844 siugulis
254 3773 350 3827 iterum
368 3773 474 3827 inversa
492 3770 577 3850 plura,
595 3770 673 3851 plura
692 3773 725 3830 al.
744 3794 798 3830 uon
817 3774 985 3831 invenienda.
1000 3805 1033 3816 -
1052 3773 1161 3833 Minime
1271 3838 1279 3854 ‚

51 3857 214 3933 perspicuus
233 3860 335 3933 primus
354 3857 400 3913 ille
414 3858 551 3915 Saturnini
569 3861 597 3915 io
614 3859 713 3916 llletell.
726 3858 758 3915 N.
777 3863 894 3938 impetus
912 3881 937 3938 p.
948 3863 1008 3916 332.
1022 3892 1056 3903 -
1074 3860 1161 3918 Porro

52 3944 151 4020 pata.
171 3941 188 3999 l.
198 3945 223 3997 3.
247 3964 318 4020 „per
336 3943 365 4001 P.
378 3943 500 4001 iilettium
513 3977 546 3987 -
559 3946 728 4014 interiecit“,'
747 3956 840 4022 postea
858 3947 905 4003 lin.
918 3950 942 4004 6.
965 3958 1160 4016 „commotum-

51 4049 105 4105 que
123 4028 196 4106 pleb.
218 4060 250 4073 ·-
269 4029 410 4098 sedavit‘⁴;
433 4030 629 4106 quodammodo
647 4042 675 4087 et
695 4031 878 4100 „Saturninus
897 4033 1014 4091 iulsmib.
1033 4038 1107 4093 ausis.
1123 4046 1161 4082 .-

51 4114 235 4193 adpellatus“.
276 4115 397 4183 „illarius
415 4117 598 4196 manipulatim
617 4147 654 4159 —
674 4121 879 4176 communivit“.
914 4122 979 4178 item
996 4120 1069 4176 tlt.
1089 4121 1161 4190 „Sa-

50 4210 122 4259 turn
140 4199 229 4278 palam
248 4231 282 4242 -
301 4204 373 4260 est“.
392 4202 508 4280 denique
523 4203 596 4261 lli.
623 4203 678 4273 „C
692 4203 803 4261 Glaucia
817 4236 848 4250 -·
863 4205 983 4282 Geganio
1000 4205 1158 4264 interfectus

50 4290 117 4345 est“
136 4290 184 4348 vix
199 4287 265 4346 alibi
282 4290 414 4366 reperias3
433 4310 518 4366 acque
534 4293 687 4348 otuomina
702 4290 816 4348 Catonis
832 4301 861 4348 ot
873 4289 995 4372 Pompeii
1012 4315 1039 4375 p.
1048 4296 1111 4353 334.
1124 4326 1155 4345 -·
