2640 4764
603 182 642 248 61

133 354 194 424 Vll,
207 358 233 413 4.
252 355 350 434 [1459.
378 354 472 425 „Sane
495 353 533 412 lV
553 357 660 435 imperii
678 360 710 414 ei.
730 360 825 414 anno“
843 377 897 415 sec.
916 358 1015 416 Euseb.
1035 381 1057 416 a.
1076 362 1094 416 4
1113 359 1174 417 Tib.

63 443 125 516 (ubi
145 442 180 500 cl.
201 440 291 509 Scal.)

131 528 198 586 ibid.
218 551 244 606 p.
256 530 317 585 460.
346 527 407 596 „At
424 538 567 606 postquam
585 549 684 606 passus
702 539 745 585 est
763 562 796 573 —
816 534 991 589 comminatus
1010 535 1081 588 est.“
1113 552 1175 611 sup

58 616 182 695 peditatu
201 624 265 671 sunt
283 615 316 670 ab
334 614 434 670 Euseb.
454 614 495 670 ad.
514 637 536 670 a.
553 614 613 671 Tib.
633 619 676 671 23.
695 615 774 687 (Col.
788 621 875 673 425-
886 618 966 689 426.)
991 617 1069 688 [fons
1087 629 1175 676 autem

60 706 182 760 omnium
200 703 311 780 proprie
330 700 445 758 Tertull.
464 700 567 779 apolog.
586 703 639 771 5.].
652 703 698 768 ²⁵)

132 787 199 845 ibid.
219 809 244 865 p.
255 791 315 844 lm.
337 788 370 843 de
388 789 515 865 passione
534 787 646 844 Christi.
666 810 688 843 a.
709 788 769 845 Tib.
790 793 831 846 17.
855 818 891 831 -
915 791 1005 847 oblata
1023 792 1056 847 ab
1074 792 1174 850 Euseb.

60 877 94 933 ad
113 897 137 933 a.
152 875 215 932 Tib.
229 877 270 930 18.
291 873 369 944 (Col.
383 875 555 942 lul-422.)
571 874 616 944 ²⁶)
651 873 709 931 Nec
726 878 813 933 minue
832 877 1029 953 evangeliorum
1048 879 1086 934 ibi
1104 879 1174 935 fides

60 973 88 1020 et
106 962 213 1038 aliquot
231 960 394 1018 Graecorum
412 961 563 1016 testimonia
583 972 729 1039 expromta,
753 983 787 1018 ex
804 963 933 1031 Eusebio,
955 966 1001 1039 qui
1018 963 1174 1039 Phlegonis,

60 1049 190 1106 Iohannis
215 1058 242 1104 et
260 1047 369 1125 loscpbi
391 1050 524 1115 meminit,
549 1047 698 1126 desumpta.
738 1049 805 1105 Item
826 1070 894 1126 quae
912 1060 1062 1124 sequuntur
1081 1051 1175 1108 Orosii

61 1136 141 1204 „Iam
170 1134 233 1190 biuc
256 1144 318 1210 post
340 1136 494 1211 passionem
516 1134 627 1191 Domini
647 1168 678 1178 -
698 1138 847 1212 strepunt“
869 1135 909 1191 nil
931 1138 984 1191 nisi
1007 1135 1174 1214 periphrasis
1257 1208 1258 1212 Ἰ

61 1222 191 1280 videntur
214 1221 357 1277 verborum
375 1220 487 1277 Eusebii
510 1223 549 1290 (a.
568 1220 586 1276 l.
606 1221 665 1278 Tib.
687 1221 934 1291 (301423-414.)
957 1221 1022 1290 „Ex
1042 1222 1174 1279 hocloco

62 1307 304 1375 considerandum,
327 1316 441 1383 quantae
459 1306 592 1385 deinceps
617 1307 779 1364 calamitates
801 1306 921 1364 ludaeor.
940 1319 1046 1384 gentem
1064 1329 1174 1388 oppres·

62 1396 186 1464 serint“;
203 1392 256 1450 alio
274 1403 363 1450 tamen
381 1402 507 1470 respectu
524 1415 566 1472 ap.
586 1403 727 1471 utrumque
745 1395 825 1452 dieta.

86 1538 88 1542 ,
135 1479 195 1547 Vll,
209 1483 235 1536 5.
254 1500 280 1557 p.
290 1480 343 1549 46}
366 1478 488 1549 „lisdem
511 1490 598 1536 antem
621 1480 691 1538 dieb.
711 1481 801 1538 ludaei
821 1515 853 1525 -
871 1483 1046 1560 protectorib.
1066 1484 1172 1540 occisus

61 1568 136 1624 est.“
178 1564 250 1622 llaec
278 1568 461 1622 consarcinata
489 1577 552 1622 sunt
578 1588 612 1623 ex
633 1568 731 1645 plurib.
749 1567 917 1623 Eusebianis-
933 1566 967 1623 ad
990 1589 1012 1623 a.
1037 1568 1122 1644 Calig.
1148 1573 1171 1627 l.

61 1653 142 1725 (Col.
153 1652 330 1721 aas-tto.)
348 1652 428 1720 „cat
448 1655 622 1731 semetipsum
641 1686 676 1696 -
694 1652 814 1710 relcrt.“·
834 1653 945 1722 „Flacc
958 1653 1029 1712 Avil.
1042 1654 1124 1733 praef.
1139 1687 1172 1699 -

60 1740 194 1820 polluit.“
215 1773 247 1784 -
272 1761 294 1795 a.
313 1738 435 1815 Calig.2
459 1738 576 1807 „Refert
594 1739 672 1796 Pbilo
692 1773 724 1786 ·-
744 1741 933 1818 susceperat.“
950 1768 987 1781 -
1010 1762 1032 1798 a.
1052 1741 1173 1817 caligo

60 1825 346 1898 (001427-428.)
371 1824 506 1894 „Pontius
529 1825 631 1883 Pilatus
647 1829 691 1896 ²⁷)
715 1860 748 1871 —
771 1825 926 1884 historici.“
968 1826 1025 1895 ‚,C.
1044 1826 1172 1884 Petronio

60 1912 146 1992 praef.
167 1945 199 1956 -
219 1912 432 1969 obstinatione.“
469 1911 560 1981 „Toto
579 1913 645 1968 orbe
662 1911 740 1968 Rom.
758 1945 788 1955 -
808 1915 1005 1970 consecratae.“
1041 1913 1172 1982 „Plurimi

60 2029 98 2041 -
117 1997 280 2055 interlecti.“
310 1997 391 2067 „Cai
402 2013 519 2054 'sorores
538 2032 572 2042 —
591 1998 805 2055 condemnavit.“
833 2021 856 2057 a.
870 1998 986 2076 Caliga
1007 1999 1064 2068 „C
1079 2019 1172 2056 omnes

61 2120 95 2132 -
115 2085 261 2142 interlici.“
297 2084 352 2153 ,‚C.
372 2105 386 2139 a
405 2086 580 2161 protectorib.
600 2118 633 2128 -
652 2084 775 2141 XXlX.“

133 2171 199 2239 Vll,
221 2173 245 2227 6.
273 2190 300 2247 p.
315 2173 368 2240 46}
394 2171 563 2240 „Exordio
587 2174 662 2248 regni
685 2174 718 2227 ei.
741 2170 863 2229 Petrus“
876 2215 882 2228 .
899 2216 905 2229 .
921 2215 928 2229 .
947 2193 1000 2232 sec.
1023 2173 1123 2230 Euseb.
1147 2194 1171 2231 a.

61 2259 161 2318 Claud.
180 2261 213 2314 2.
237 2255 316 2328 (Col.
328 2260 505 2327 ‹tm-ms.)
523 2257 568 2328 ²⁸)
591 2291 625 2301 —
650 2258 715 2315 ibid.
734 2262 831 2337 pass.
854 2262 983 2336 temporis
1002 2260 1172 2336 significatio,

62 2370 96 2405 ex
113 2347 214 2404 Euseb.
234 2365 256 2400 a.
270 2342 365 2400 Claud.
380 2347 408 2401 4
426 2344 505 2416 (Col.
519 2345 692 2414 rto-ato.)
710 2345 813 2414 addita,
835 2365 870 2400 ex
893 2365 947 2422 quo
973 2356 1000 2402 et
1017 2356 1081 2424 post
1098 2345 1172 2415 „Or-

63 2433 144 2491 cadas
157 2462 189 2474 ·-
204 2429 301 2487 adiecit
318 2433 431 2508 imperio
438 2432 455 2459 ‘⁸
473 2443 588 2509 sumpta,
609 2453 688 2508 quum
707 2431 809 2507 reliqua
822 2430 946 2488 Suetonii
963 2443 1034 2489 sunt.
1055 2468 1086 2478 -
1106 2432 1171 2490 ibid.

62 2544 89 2601 p.
100 2522 161 2576 469.
180 2518 227 2575 lin.
239 2520 280 2573 10.
304 2518 406 2586 „Anno
429 2519 492 2596 imp.
512 2521 544 2575 ei.
562 2518 611 2575 11ιι
630 2529 679 2574 etc.
699 2518 810 2574 Eusebii
834 2529 876 2573 cst
894 2519 928 2574 ad
945 2541 968 2575 a.
983 2519 1078 2576 Claud.
1092 2522 1121 2576 4
1138 2521 1172 2574 in

63 2609 138 2665 fine.
160 2640 191 2651 -
216 2603 281 2661 ibid.
300 2603 402 2672 „Anno
422 2605 455 2660 ei.
474 2603 524 2660 Vll
541 2635 576 2646 -
595 2603 776 2660 referantur.“
810 2605 909 2661 Euseb.
929 2605 985 2661 lere
1006 2606 1170 2662 verbotenus

62 2717 85 2752 a.
106 2691 202 2750 Claud.
222 2695 238 2748 7
262 2688 344 2759 „Sub
361 2701 537 2767 procuratore
555 2690 667 2747 Iudaeae
686 2718 715 2728 -
736 2691 899 2766 perierint.“

134 2777 229 2847 V11‚7.
248 2800 273 2856 p.
284 2778 345 2833 ttl.
364 2777 434 2833 inter
452 2776 528 2833 locos
541 2776 722 2833 Suetoniauos
735 2786 763 2832 et
774 2775 885 2832 Eusebii
897 2787 1078 2851 agnoscuntur
1090 2777 1171 2832 verba

63 2923 265 2932 μ

133 3007 188 3075 25)
212 3004 254 3062 Cf.
272 3005 362 3063 Rufin.
381 3006 444 3064 bist.
459 3007 524 3064 eccl.
543 3006 576 3075 ll,
591 3011 617 3063 2.
638 3040 668 3050 -
688 3005 769 3064 Unde
785 3027 851 3063 vero
871 3027 939 3084 quae
958 3006 991 3064 de
1010 3006 1108 3063 Seiano
1126 3004 1171 3062 hic

62 3093 169 3173 profert
186 3093 301 3149 Orosius
321 3097 479 3171 sumpserit,
501 3113 556 3149 non
574 3093 638 3150 vidi.
674 3093 732 3151 Nec
748 3104 844 3173 postea
863 3097 906 3171 (p.
917 3097 978 3151 tol.
996 3093 1042 3151 lin.
1051 3093 1091 3164 2.)
1109 3094 1171 3148 anni

64 3181 170 3238 definiti
189 3182 317 3255 originem
334 3181 432 3236 inveni.

134 3266 189 3337 26)
211 3267 255 3323 Dc
275 3276 362 3322 terrae
379 3276 454 3322 motu
471 3265 516 3323 bic
533 3275 679 3323 memorato
699 3265 733 3322 cf.
752 3264 838 3322 Tacit.
858 3285 917 3324 ann.
935 3265 970 3334 ll,
988 3267 1029 3320 47.
1050 3274 1078 3319 et
1094 3262 1170 3342 Lips.

62 3353 98 3410 ad
116 3353 144 3408 b.
162 3352 181 3408 l.
211 3352 306 3410 Mende
325 3355 405 3428 igitur
422 3375 477 3410 non
495 3363 549 3409 tam
568 3353 660 3409 Orosii
679 3374 757 3429 quam
775 3355 832 3409 eius
851 3352 941 3410 fontis.
974 3349 1170 3426 Evangelistor.

63 3442 174 3498 nonnisi
191 3439 283 3496 Illattb.
297 3444 341 3509 27,
355 3444 399 3497 52.
422 3450 509 3496 terrae
530 3449 619 3496 motus
636 3442 768 3509 meminit,
792 3460 907 3515 quocum
925 3438 971 3494 illc
989 3437 1069 3513 longe
1080 3447 1171 3515 poste·

63 3531 121 3584 rior
140 3527 267 3584 confusus
286 3525 400 3582 videtur.

135 3614 180 3670 De
198 3612 378 3670 additamento
397 3612 492 3669 Nostri
512 3610 544 3666 cf.
563 3611 609 3667 inl.
628 3622 684 3667 not.
695 3614 736 3666 73.
761 3612 800 3682 (§.
815 3611 858 3683 6.)

134 3700 188 3766 27)
211 3700 288 3774 Quae
311 3700 345 3756 de
362 3699 439 3756 Pont.
458 3698 546 3754 Pilato
568 3696 614 3752 hic
636 3697 740 3754 addidit
758 3694 887 3766 Orosius,
910 3697 1054 3775 praecipue
1072 3704 1170 3773 „post-

63 3806 143 3862 quam
160 3784 334 3865 plurimas-
349 3785 446 3853 lecit“‚
465 3782 595 3841 referend.
615 3783 649 3839 ad
667 3804 706 3852 ea,
726 3805 794 3860 quae
812 3784 910 3840 Euseb.
929 3805 950 3839 a.
970 3782 1029 3839 Tib.
1051 3784 1084 3839 18
1097 3786 1171 3839 etto

63 3871 145 3943 (Col.
158 3873 326 3944 tua-tat)
345 3873 379 3929 de
397 3872 485 3929 Pilato
505 3881 729 3926 commemorarat.
1195 3911 1205 3924 .

135 3957 189 4027 28)
212 3956 313 4015 Eadem
335 3969 365 4015 ut
387 3979 469 4037 supra
488 3957 645 4015 differentia.
688 3954 719 4011 Si
736 3955 810 4032 quod
827 3954 909 4011 bodie
927 3954 1025 4030 legitur
1042 3956 1071 4010 in
1088 3955 1171 4010 Euse-

63 4045 112 4101 bio
131 4054 234 4100 rectum
252 4055 332 4121 atquo
351 4044 478 4101 aNostro
498 4047 549 4100 iam
564 4047 652 4100 risum
665 4051 745 4110 esset,
763 4051 877 4119 propter
889 4044 1103 4099 coniunctionem
1114 4050 1171 4097 tum

64 4151 155 4188 rerum
173 4134 350 4206 sequentium,
368 4131 431 4189 fini
449 4133 560 4215 operis
579 4130 829 4198 inservientem,
848 4129 964 4186 Orosius
982 4129 1096 4185 maxime
1114 4147 1171 4182 cor-

64 4216 206 4298 ripiendus
224 4228 304 4276 esset.
346 4229 349 4233 ’
