2640 4764
585 221 648 288 113

57 391 207 461 accurate.)
226 413 279 450 sec.
297 392 358 450 Liv.
376 392 450 452 XVI.
468 425 503 436 -
524 395 682 452 Pestilentia
700 398 809 471 ingens3
827 399 903 454 cuius
922 407 1030 474 praeter
1046 400 1115 475 Aug.
1134 401 1169 458 dc

57 481 111 537 cir.
131 480 186 536 Dei
202 479 249 548 111,
262 483 304 537 17.
321 500 350 557 p.
361 481 404 550 δὲ.
423 479 493 536 alius
510 479 568 537 iere
584 503 717 558 nusquam
735 482 799 539 lecit
816 485 987 540 mentionem.
1006 517 1038 529 -
1057 508 1085 563 p.
1095 490 1169 544 224:

58 564 275 707 (iiappyronia
300 568 367 642 virg.
382 564 484 623 Vestal.
508 576 558 623 etc.
588 588 604 624 e
627 568 686 626 Liv.
705 568 724 624 l.
738 568 775 625 lt
808 569 842 626 cf.
865 571 915 628 sub
938 570 1168 631 Enoch-Hieron.

58 672 72 707 a
134 694 141 707 .

130 737 238 793 Bellum
256 735 430 794 Volsiniense
452 760 467 794 a
484 737 544 795 Liv.
563 738 629 797 XVI
653 751 803 798 enarratum
824 760 906 816 quum
924 740 1041 799 Orosius
1059 744 1171 820 aequale

58 823 117 880 fere
139 822 220 880 iaciat
240 825 336 901 primis
359 825 412 880 hoc
435 825 522 901 capite
545 829 697 883 memoratis
721 829 816 896 rebus,
840 848 871 883 ac
891 837 1030 904 practerea
1047 839 1170 908 tempore

58 910 106 967 illa
125 912 277 966 arctissime
294 912 384 966 iuncta
402 911 549 985 significet,
573 911 638 967 baec
660 925 766 991 sumpta
785 934 846 969 esse
864 913 958 970 credas
978 934 1011 969 cx
1028 913 1081 971 hoc
1098 915 1169 973 libro

58 995 144 1064 Livii,
168 1016 246 1072 quern
267 1015 364 1074 presso
386 996 456 1073 pede
473 996 624 1074 amplexum
643 1018 704 1054 csse
722 999 851 1056 Nostrum
869 1002 949 1055 etiam
967 999 1031 1055 inde
1049 1012 1169 1080 apparet,

58 1083 204 1158 quodiam
222 1092 335 1158 uterque
352 1081 387 1139 ad
405 1082 665 1156 Carthaginiensium
684 1088 800 1160 origines
820 1089 931 1152 transit3
950 1106 1038 1160 neque
1055 1086 1090 1143 dc
1108 1087 1169 1146 aliis

59 1189 91 1224 ac
108 1168 290 1246 scriptoribus
307 1168 435 1224 Romanis
454 1178 481 1224 et
492 1167 571 1224 Livio
590 1169 704 1246 intelligi
722 1182 846 1248 possunt,
866 1193 934 1247 quac
952 1173 981 1227 in
999 1172 1053 1227 line
1072 1176 1169 1251 capitis

58 1254 141 1310 huius
159 1256 247 1330 quinti
265 1252 382 1310 Orosius
402 1254 436 1310 de
454 1255 574 1310 lontibus
593 1259 664 1324 suis,
689 1259 736 1333 qui
753 1256 880 1313 laudandi
898 1260 982 1333 magio
1001 1278 1080 1333 quam
1096 1280 1169 1317 mere

59 1340 195 1396 referendi
213 1340 266 1395 sibi
283 1343 493 1418 proposuissent
511 1342 660 1416 negotium,
680 1342 756 1399 dixit.

131 1424 378 1504 tV‚8-11p1·.p.
397 1449 423 1504 p.
434 1429 607 1483 232-243.:
625 1427 925 1485 BellumPunicum
942 1433 1080 1506 primum
1094 1454 1168 1510 prac-

58 1523 101 1568 ter
119 1532 224 1567 omnem
242 1511 435 1568 dubitationem
453 1533 507 1569 sec.
524 1511 584 1569 Liv.
597 1513 782 1570 XVI-XtX.
802 1524 933 1590 quatenus
951 1519 1022 1573 enim
1040 1538 1055 1572 c
1073 1517 1168 1596 deper-

58 1600 178 1656 ditorum
199 1597 331 1654 librorum
354 1601 479 1677 epitomis
501 1602 597 1656 coniici
615 1610 719 1677 potest,
744 1620 822 1675 vam
839 1603 989 1658 arctissime
1007 1605 1119 1678 vestigia
1137 1604 1168 1660 il·

57 1686 112 1742 lius
136 1684 365 1761 premit-Neston
388 1688 416 1741 in
439 1685 535 1742 ordine
558 1707 647 1742 rerum
671 1695 699 1742 et
717 1685 829 1760 singulis
848 1684 905 1742 lere
923 1688 1022 1764 ubique
1040 1710 1100 1746 cum
1118 1690 1168 1747 Po·

57 1771 148 1847 lybio,
172 1772 248 1827 cuius
269 1790 337 1827 max.
356 1780 424 1849 part.
443 1771 635 1848 pedissequum
657 1793 717 1828 esse
734 1772 842 1830 Livium
864 1784 984 1843 constat,
1008 1795 1167 1851 congruens,

57 1860 85 1914 in
109 1857 235 1936 pluribus
260 1867 348 1913 autern
371 1857 573 1916 discedentibus
598 1881 612 1914 a
630 1857 745 1934 Polybio
765 1859 810 1917 vel
828 1881 888 1917 cum
905 1860 985 1917 Livio
1004 1863 1105 1938 (epit.)
1122 1862 1167 1919 vel

58 1964 119 2002 cum
137 1946 196 2000 eius
215 1944 439 2020 epitomatoribus
458 1945 558 2014 (Floro
577 1957 603 2002 et
620 1946 772 2023 Eutropio)
791 1949 971 2015 consentiens,
989 1947 1034 2002 vel
1053 1947 1166 2005 aliorum

57 2032 222 2108 scriptorum
240 2028 384 2086 Romanor.
404 2030 485 2087 dictis
503 2033 619 2089 adiutus.
656 2031 767 2107 Singula
785 2052 849 2088 vero
867 2035 905 2088 ita
923 2053 953 2088 se
970 2031 1082 2089 habenta

129 2115 176 2183 lv,
189 2120 214 2171 7.
237 2136 265 2192 p.
274 2119 433 2186 uon-234.
469 2140 496 2196 p.
512 2122 586 2174 232:
611 2118 748 2175 Auxilium
765 2118 929 2175 Mamertinis
947 2118 1044 2175 latum:
1065 2120 1167 2178 bellum

57 2224 119 2261 cum
136 2202 254 2258 Hierone
277 2211 304 2257 ct
321 2202 429 2259 Poenis.
449 2224 502 2261 sec.
522 2205 580 2262 Liv.
598 2204 671 2261 XVI.
701 2204 798 2274 [Initio
817 2226 874 2282 cap.
895 2224 1012 2261 errorem
1029 2227 1167 2283 perrarum

56 2293 86 2347 iu
102 2288 206 2346 Nostro
229 2297 258 2343 et
279 2287 325 2343 lric
346 2287 463 2345 fortasse
484 2291 588 2347 librarii
611 2291 748 2347 cniusdam
771 2290 1004 2359 incunabulum,
1033 2295 1168 2351 commisit

57 2375 175 2432 Orosius
196 2376 225 2430 in
243 2372 353 2429 alterius
372 2375 491 2433 consulis
507 2379 614 2433 nomine
636 2377 693 2451 „Q
707 2376 831 2433 Fubio“
850 2396 901 2454 pro
920 2377 985 2446 „lil'.
998 2376 1165 2450 Fulvio“.]

58 2495 90 2507 -
110 2482 138 2538 p.
147 2464 222 2516 tutta
240 2459 323 2516 Hiero
341 2460 522 2528 „ducentis
542 2465 599 2531 (sic
616 2463 923 2541 etinEutrop.ll,10.)
941 2466 1045 2538 argenti
1056 2463 1166 2521 talentis

56 2551 134 2604 iussu
158 2545 298 2602 consulum
319 2546 468 2602 multatus“
492 2569 533 2626 ap.
552 2547 649 2624 Polyb.
667 2549 754 2616 1‚›16.
778 2558 914 2604 centnm.
939 2582 971 2592 -
995 2549 1166 2626 Expugnatio

55 2634 205 2708 Agrigenti.
228 2653 283 2689 sec.
300 2631 357 2688 Liv.
376 2632 468 2690 xvii
492 2633 542 2703 (cl.
561 2633 656 2708 Polyb.
676 2634 701 2702 l,
720 2638 752 2689 17
766 2637 871 2700 -19.t
911 2633 943 2689 In
966 2638 1166 2692 enumeratione

55 2719 171 2776 militum
189 2718 312 2775 Annonis
336 2729 364 2775 ct
385 2718 550 2797 elephantor.
568 2719 706 2776 adductor.
731 2721 777 2789 (in
795 2719 887 2775 Noetu.
905 2722 949 2785 30,
968 2740 1009 2796 ap.
1029 2718 1125 2795 Polyb.
1144 2721 1166 2789 l,

56 2809 108 2862 19:
119 2805 181 2872 50.)
201 2814 228 2860 et
246 2815 349 2883 captor.
366 2808 413 2862 vix
432 2804 465 2861 al.
483 2805 641 2882 reperienda
658 2805 749 2861 habes.
772 2835 800 2845 -
825 2803 972 2860 Annibal
990 2809 1082 2862 senior
1101 2806 1164 2876 (hic

56 2890 171 2947 anullo
194 2889 250 2945 lere
272 2890 326 2946 alio
348 2893 554 2958 nominatus)
579 2890 671 2947 ltaliae
694 2911 767 2947 oram
786 2899 887 2946 vastat:
911 2889 1007 2946 classis
1026 2890 1164 2948 celerrime

56 2986 203 3034 exstructa.
226 2996 281 3033 sec.
298 2975 358 3034 Liv.
376 2977 467 3034 XVL?
500 2977 614 3034 Verbor.
638 2978 789 3034 similitudo
810 2976 887 3033 adest
909 2997 932 3033 c.
952 2976 1024 3034 Flor.
1042 2976 1119 3045 11‚2;
1138 2981 1162 3034 7.

56 3065 208 3132 (different.
226 3066 330 3121 numeri
349 3066 456 3120 navium
474 3063 545 3140 apud
562 3063 668 3133 Noetu,
692 3065 787 3141 Polyb.
807 3063 832 3131 l,
849 3067 892 3118 20.
911 3062 1003 3131 flor.)
1023 3096 1055 3111 -··
1080 3062 1162 3121 Corn.

55 3151 140 3208 Asina
165 3170 239 3208 cous.
262 3149 296 3205 ad
318 3148 442 3226 Liparum
464 3152 637 3227 interceptus.
656 3171 709 3206 sec.
726 3149 786 3205 Lir.
804 3147 888 3204 XVll.
915 3148 964 3216 (cf.
985 3148 1058 3205 Flor.
1076 3149 1170 3216 11,2;.

56 3241 99 3294 11.
116 3265 155 3279 -·
171 3235 267 3312 Polyb.
285 3235 318 3304 Ι,-
328 3239 371 3294 21.
390 3235 513 3291 nonnihil
531 3235 648 3305 differt.)
676 3237 728 3304 [ex
750 3234 814 3290 edit.
833 3232 928 3290 Nostri
945 3233 1108 3308 August-
1128 3233 1162 3291 cf.

55 3333 113 3380 not.
128 3325 169 3379 lo.
189 3322 222 3378 ad
239 3322 266 3378 b.
281 3343 303 3379 c.
325 3356 355 3373 -ψ
376 3331 462 3399 patet:
482 3322 609 3378 Orosium
627 3321 811 3378 verisimiliter
829 3319 943 3376 eundem
961 3340 983 3375 c.
999 3319 1093 3396 Polyb.
1113 3319 1163 3378 l.l.

55 3411 164 3466 navium
181 3429 321 3465 numerum
337 3408 484 3481 habuisse]
506 3440 540 3450 -
557 3429 584 3486 p.
595 3412 667 3464 tou:
688 3407 775 3464 Duilii
792 3406 827 3462 de
838 3405 974 3462 Annibale
984 3408 1098 3463 victoria
1116 3405 1163 3477 (ad

54 3495 159 3572 llylas)
182 3515 237 3552 sec.
255 3494 316 3553 Liv.
332 3494 419 3551 XVll.
440 3497 547 3550 navium
568 3493 687 3550 consulis
705 3513 831 3549 numerus
850 3494 918 3560 (30)
937 3490 971 3546 al.
990 3511 1045 3546 non
1063 3494 1163 3568 reperi·

54 3591 108 3638 tur.
127 3591 156 3637 at
172 3583 200 3638 iu
220 3581 315 3637 damno
335 3580 598 3656 Carthaginiensium
615 3579 672 3636 lere
690 3581 797 3635 omnino
816 3599 836 3634 c.
856 3577 967 3654 Eutrop.
987 3576 1020 3646 lt,
1039 3581 1078 3633 10.
1098 3577 1163 3633 facit

54 3667 171 3736 Noster,
198 3666 313 3743 Polybio
335 3666 361 3735 l,
377 3669 421 3724 23.
445 3666 484 3722 nil
507 3668 560 3723 nisi
583 3669 618 3721 50
639 3686 722 3722 nares
744 3665 850 3722 Poenos
873 3666 996 3719 amisisse
1018 3663 1161 3719 scribente.

55 3753 194 3832 Scipionis
220 3754 255 3810 de
278 3753 393 3810 Annona
417 3755 444 3808 in
472 3752 594 3809 Sardinia
618 3753 738 3808 victoria.
761 3771 815 3807 sec.
833 3751 893 3808 Liv.
911 3749 997 3807 XVll.
1016 3750 1112 3804 mirum
1134 3749 1163 3804 in

54 3840 164 3897 modum
187 3838 314 3896 collatum
336 3839 369 3895 ad
389 3840 583 3917 compendium.
610 3838 656 3907 [cl
678 3836 737 3893 Val.
756 3836 824 3893 llar.
844 3837 878 3904 V,
893 3841 922 3904 l;
940 3840 965 3893 2.
985 3834 1073 3905 (Flor.
1087 3833 1161 3902 11‚2;

56 3928 199 3997 15-16.)
222 3925 318 4001 Polyb.
338 3927 404 3982 haec
422 3927 534 3994 omisit]
553 3957 587 3967 -
611 3924 740 3980 Servor.
760 3931 792 3977 et
810 3922 999 3990 „navalium
1016 3921 1161 3977 socior.“

55 4016 86 4070 in
106 4013 273 4073 excidium
290 4013 384 4069 urbis
404 4013 602 4069 coniuratio.
621 4009 655 4068 al.
673 4013 720 4066 vix
737 4008 882 4078 obria.⁰⁰)

126 4243 178 4313 90)
202 4242 314 4299 Harerc.
338 4251 394 4298 not.
407 4245 450 4299 25.
469 4241 504 4298 ad
525 4242 552 4299 lr.
570 4263 591 4300 c.
616 4243 696 4298 etiam
713 4261 755 4319 ap.
773 4240 903 4324 Zonaram
919 4247 1025 4297 entare
1040 4236 1161 4292 coniura-

941 4332 963 4393 8
