2640 4764
634 150 677 216 ‘rt

191 329 339 393 Extremo
376 327 451 393 dein
483 348 593 393 mense
621 316 793 392 Decembri
827 327 861 390 in
891 323 1029 390 concilio
1059 325 1213 411 Diospoli

105 432 241 513 (Liddae
264 435 332 497 sive
354 432 489 518 Lydae)
518 431 627 495 habito
650 431 774 519 Pelagii
804 431 951 518 dogmata
976 453 993 492 a
1016 429 1083 493 fide
1106 430 1213 494 catho-

104 537 166 602 lica
195 557 263 600 non
291 535 394 600 aliena
423 535 731 622 pronunciabantur;
761 557 822 620 qua
852 538 1024 599 occasione
1053 534 1212 598 Iohannes

106 643 275 726 episcopus
302 661 369 704 uon
398 639 501 704 solum
529 643 562 703 in
590 640 744 702 Herotem
775 648 807 702 et
835 640 1005 717 Lazarum,
1043 641 1212 724 episcopos

105 743 264 823 Gallicos,
293 744 415 830 Pelagii
444 752 659 821 accusatores,
687 763 798 806 vorum
823 745 917 807 etiam
939 746 973 806 in
997 744 1151 808 Orosium
1174 750 1213 818 et,

106 869 240 934 quorum
262 850 391 911 uomina
415 847 541 933 quidem
565 847 678 922 omisit,
700 847 734 909 in
756 846 918 911 adiutores
943 849 1010 911 eius
1029 846 1159 910 Avitum
1182 855 1214 908 et

104 951 245 1016 Vitalem
268 952 467 1031 (Passerium
492 961 524 1014 et
544 951 717 1013 Dominum
742 971 779 1013 ex
801 950 913 1030 Duce)
939 951 1145 1014 vehementer
1168 952 1213 1013 in·

105 1065 215 1120 vectus
238 1064 295 1118 est.
308 1055 350 1135 87)
396 1053 498 1119 Cuius
521 1056 588 1117 irae
612 1074 737 1116 causam
759 1063 907 1117 nontam
924 1064 1131 1139 utrorumque
1148 1075 1214 1116 cre-

106 1158 162 1224 das
191 1180 303 1223 sensus
334 1157 512 1237 discordes,
541 1179 632 1242 quam
657 1156 902 1221 inverecundam
923 1160 1095 1243 praecipue
1118 1160 1214 1221 ratio-

98 1252 194 1341 nem,
222 1285 283 1348 qua
312 1271 344 1326 et
369 1263 403 1325 in
426 1261 648 1348 apologetico,
679 1271 711 1324 et
732 1263 793 1324 iam
816 1262 850 1324 in
874 1272 1034 1325 conventu
1057 1258 1115 1323 illo
1139 1261 1214 1323 Hie·

105 1367 349 1453 rosolymitano‚
370 1375 406 1429 ut
427 1386 495 1429 non
518 1362 735 1451 improbabile,
757 1364 932 1428 Iohannem
953 1366 1138 1450 episcopum
1154 1373 1214 1426 tra-

106 1481 246 1536 ctaverat
268 1471 415 1535 Orosius.
428 1470 471 1550 38)
492 1506 532 1519 -
557 1467 657 1532 Sicuti
678 1469 784 1532 Heros
808 1478 840 1531 et
861 1469 1008 1545 Lazarus,
1032 1467 1114 1531 alter
1137 1467 1215 1531 alte-

105 1578 170 1640 rius
185 1573 384 1662 aegritudine
400 1571 662 1658 impediebantur,
685 1573 853 1656 quominus
871 1571 1000 1656 synodo
1015 1574 1214 1650 interessent,

106 1681 150 1743 ita
181 1688 213 1743 et
235 1679 372 1744 Orosius
402 1675 513 1740 aberat
540 1676 579 1740 ab
604 1675 668 1740 illa.
681 1676 725 1756 39)
776 1675 840 1738 lam
864 1679 947 1740 enim
969 1675 1104 1740 reditum
1125 1698 1214 1761 para-

106 1889 246 1969 spologiae
264 1893 350 1968 capita
369 1891 551 1969 septendecim
572 1923 602 1934 -
623 1911 636 1946 a
651 1893 684 1945 12
703 1889 738 1945 ad
753 1893 785 1946 19
803 1911 889 1967 usque
907 1891 1047 1946 etiterum
1065 1891 1110 1944 a3
1128 1908 1215 1965 usque

106 1976 140 2032 ad
159 1979 192 2031 12
214 2010 242 2020 -
263 1977 325 2033 libri
344 1978 533 2054 Augustiniani
556 1976 613 2046 „de
630 1987 724 2034 natura
743 1986 770 2032 et
786 1979 895 2052 gratia“
913 1977 1077 2035 verbotenus
1099 1978 1215 2040 insorta3

105 2060 214 2117 incdit
235 2061 348 2119 Haverc.
370 2067 468 2142 pout.
492 2063 553 2119 inde
576 2084 589 2118 a
613 2063 704 2118 verbis
728 2062 819 2131 „hauc
842 2083 902 2120 esse
926 2065 1103 2119 intentionem
1124 2061 1214 2136 legis“

106 2167 192 2222 usque
210 2147 245 2203 ad
261 2149 344 2204 verba
362 2150 455 2217 „sicut
473 2148 614 2225 apostolus
632 2151 692 2204 ait“
710 2147 758 2204 inf.
777 2169 803 2225 p.
813 2151 873 2206 631.
910 2149 967 2206 Nec
979 2169 1044 2205 sane
1056 2148 1215 2226 plagiarium

106 2232 169 2288 inde
186 2232 316 2293 Nostrum
335 2234 424 2290 dicere
443 2234 614 2305 destiterunt,
634 2235 679 2310 qui
698 2234 877 2290 observabant
885 2235 909 2303 *‚
929 2237 1049 2310 quamvis
1068 2237 1119 2290 iam
1134 2236 1214 2294 Gerh.

105 2318 222 2376 Vossius
246 2351 280 2360 —
302 2319 365 2377 hist.
384 2321 470 2396 Pelag.
492 2320 517 2389 l,
539 2324 581 2376 17.
605 2341 631 2398 p.
645 2324 705 2378 573.
730 2320 862 2378 TomVI.
888 2341 949 2398 opp.
974 2330 1001 2376 et
1023 2321 1056 2376 de
1078 2321 1141 2377 hist.
1166 2321 1214 2377 lat.

105 2425 131 2482 p.
144 2407 185 2460 70.
206 2403 338 2462 Touth.
358 2426 419 2483 opp.
439 2438 473 2447 -
496 2416 599 2462 rectum
624 2405 850 2462 animadverterit.
892 2406 963 2463 Cura
987 2409 1045 2462 sive
1063 2409 1166 2463 incuria
1185 2408 1216 2464 li-

105 2491 189 2546 brarii
211 2493 269 2546 sive
291 2489 462 2548 librariorum
479 2492 611 2549 inculcata
631 2495 655 2548 si
672 2493 818 2548 removeris
837 2512 945 2547 sensum
963 2494 1095 2569 integrum
1114 2498 1216 2571 optime

105 2579 240 2633 restitues.
270 2575 410 2633 Praeterea
430 2578 657 2655 quantulicunquc
676 2581 815 2655 opinamur
834 2599 894 2634 esse
912 2578 1002 2635 iudicii
1016 2579 1150 2637 bominem
1162 2580 1216 2636 No·

105 2673 199 2729 strum,
217 2682 352 2738 nunquam
369 2663 460 2734 locos,
484 2675 514 2720 ut
533 2667 583 2734 „in
601 2664 678 2720 libris
698 2685 767 2740 quos
786 2664 820 2721 ad
837 2663 1047 2736 lllarcelli(n)um
1066 2665 1099 2721 de
1117 2665 1167 2722 hac
1185 2688 1216 2722 re

105 2750 228 2826 scripsi“
251 2770 276 2826 p.
286 2751 360 2818 623,
385 2749 429 2805 vel
452 2752 584 2825 „Quanto
609 2752 690 2825 igitur
711 2754 811 2807 maiore
834 2751 892 2806 zelo
916 2772 1043 2807 accensus
1068 2761 1110 2807 est
1132 2752 1216 2808 libri

104 2834 212 2902 huius,
232 2855 326 2910 quem
345 2836 500 2904 misistis,
519 2835 667 2890 conditor“
686 2857 712 2913 p.
723 2839 782 2893 628.
802 2836 955 2892 describere
972 2839 1075 2914 potuit;
1096 2858 1130 2893 ne
1149 2838 1216 2915 quid

106 2920 192 2977 dicam
211 2919 244 2975 de
262 2940 292 2975 re
310 2919 471 2989 incredibili,
491 2920 619 2977 Orosium
637 2919 741 2990 libello,
760 2942 838 2998 quem
856 2923 916 2999 ipse
928 2922 1079 2998 Augustino
1098 2924 1215 2980 tradide-

104 3009 154 3073 rit,
173 3015 227 3061 tam
244 3003 414 3082 impudenter
433 3005 501 3063 furta
520 3009 683 3084 scriptorum
702 3007 821 3064 doctoris
840 3009 883 3063 sui
901 3011 1064 3065 inserturum
1082 3008 1174 3066 fuisse.

140 3092 155 3122 ⁴*
174 3092 327 3164 Nuperrime
346 3095 460 3147 Grubitz.
480 3098 576 3148 emend.
597 3097 672 3152 Oros.
690 3118 715 3167 p.
726 3096 769 3149 29.
789 3097 855 3149 idem
874 3099 954 3150 adbuc
971 3099 1035 3151 lecit.

62 3261 64 3264 y
175 3196 228 3259 37)
251 3193 430 3268 Augustinus,
455 3193 588 3251 sollicitus
609 3193 710 3250 iudicio
730 3196 881 3273 episcopor.
900 3195 952 3252 boe
969 3199 998 3253 in
1017 3197 1132 3253 concilio
1153 3219 1216 3254 con-

104 3290 278 3357 gregatorum,
295 3279 367 3336 bunc
385 3283 413 3336 in
430 3279 511 3336 finem
528 3290 559 3336 ut
578 3283 762 3337 auctoritatem
775 3283 832 3337 eius
845 3280 1018 3351 deminueret‚
1038 3282 1137 3340 librum
1157 3285 1215 3353 „de

104 3367 188 3442 gestis
207 3364 330 3442 Pelagii“
349 3367 467 3444 scripsit,
487 3366 632 3423 clementer
651 3388 723 3436 sune,
743 3367 793 3423 sed
809 3370 855 3423 vix
873 3368 958 3424 libero
972 3371 1059 3424 anime
1079 3379 1114 3438 et,
1133 3373 1216 3428 sicuti

104 3451 220 3520 videtur,
238 3446 412 3531 personarum
430 3481 467 3493 -
483 3455 628 3530 praecipue
644 3453 770 3510 lobannis
791 3487 822 3496 —
842 3464 952 3530 captans
970 3454 1195 3512 benevolentiam.

176 3537 260 3611 Quod
272 3540 368 3593 attinet
380 3558 424 3593 res
437 3538 487 3594 bac
499 3539 612 3616 periodo
625 3550 783 3596 memoratas
803 3540 835 3595 cl.
849 3542 925 3616 impr.
943 3539 960 3595 l.
973 3541 991 3597 l.
1011 3563 1034 3599 c.
1047 3546 1086 3599 16.
1107 3543 1146 3614 (§.
1156 3545 1215 3615 39.)

105 3622 165 3680 Col.
177 3625 236 3678 itt.
249 3624 282 3681 Β.
301 3633 329 3678 et
347 3623 421 3701 quod
438 3624 473 3680 ad
491 3627 597 3681 nomina
616 3635 721 3703 spectat
739 3626 819 3682 Oros.
840 3626 909 3703 apol.
929 3648 955 3703 p.
966 3631 1027 3683 594.

174 3725 228 3795 38)
248 3724 402 3781 Confitetur
419 3728 479 3802 ipse
496 3727 524 3781 in
544 3726 613 3804 apol.
633 3750 659 3806 p.
670 3731 730 3783 594.
753 3727 832 3795 „Sed
851 3749 899 3804 ego
919 3728 1009 3785 calore
1026 3734 1148 3790 veritatis
1168 3737 1215 3790 im-

103 3810 214 3888 pulsuS,
233 3813 299 3866 satis
318 3831 422 3886 urgeor.
458 3811 568 3869 Excedo
587 3814 765 3891 professionis
784 3813 923 3870 modurn.“

173 3911 226 3980 39)
246 3910 289 3966 Cf.
302 3911 369 3988 Aug.
384 3911 417 3968 de
429 3923 496 3988 gest.
507 3913 594 3988 Pelag.
605 3917 682 3992 impr.
701 3935 723 3969 c.
737 3917 775 3971 16.
796 3915 857 3971 dein
871 3936 908 3970 cc.
921 3921 942 3972 l.
957 3918 996 3986 (§.
1007 3919 1047 3988 2.)
1065 3922 1089 3975 6.
1103 3920 1144 3990 (ξ.
1157 3922 1214 3992 17.)

102 4001 145 4053 21.
160 3997 267 4066 (§.⁴15.)
292 4001 334 4054 35.
347 3999 387 4068 (§.
398 4001 455 4067 62.)
474 3999 507 4056 al.
528 4010 555 4056 et
572 4000 682 4077 Pagium
699 3999 733 4055 sd
750 3999 849 4056 Barou.
874 4001 950 4058 Tum.
962 4002 1019 4059 Vll.
1039 4027 1064 4083 p.
1077 4009 1112 4061 53
1125 4027 1185 4083 sqq.

173 4083 224 4161 Ap.
242 4079 335 4160 plures
354 4087 424 4140 enim
442 4084 553 4163 legitur,
578 4085 708 4143 Nostrum
726 4096 754 4142 et
771 4087 835 4143 huic
852 4089 1008 4146 interfuisse
1021 4092 1151 4161 concilio,
1172 4115 1212 4150 ex.

103 4188 141 4245 gr.
160 4189 202 4246 ap.
222 4167 280 4226 Nic.
301 4169 398 4227 Anton.
418 4173 495 4244 §.tt
515 4196 541 4251 p.
556 4175 612 4230 184.
626 4183 691 4239 vet,
712 4175 773 4230 ott.
788 4193 849 4230 nov.
860 4175 915 4244 ed,
935 4176 1068 4245 Carnum,
1088 4177 1121 4234 al.
