2640 4764
652 144 673 210 2
773 196 778 207 .

112 332 145 388 et
167 320 235 388 aliis
258 331 334 386 tunc
355 319 462 400 luisse,
485 321 656 384 auctarium
677 330 843 407 praeterea
859 320 1000 385 chronici
1014 321 1220 407 Prosperiani

112 449 130 492 e
160 424 272 490 codice
298 426 510 490 vetustissimo
533 423 666 503 indicat,
696 425 783 511 quod
806 434 983 511 temporum
1008 427 1220 511 computatio-

111 551 184 595 nem
205 527 290 593 illius
314 526 426 592 adfert.
442 530 471 610 8)
487 568 531 577 —
554 527 690 593 Saeculo
713 538 802 593 sexto
826 526 1032 592 Marcellinus
1055 550 1162 592 comes
1185 532 1220 592 in

112 633 264 697 chronico
288 631 461 696 secundnm
478 631 680 697 Gennadium
696 634 809 697 Nostri
824 636 979 708 meminit,
1003 631 1219 696 Cassiodorus

110 736 270 814 „Orosius
294 756 430 820 qnoque,
458 735 574 811 scribit,
599 735 853 801 Christianorum
875 746 1052 822 temporum
1075 755 1219 822 pagano·

111 861 244 924 rumque
273 838 423 917 collator,
450 850 579 925 praesto
608 841 701 904 robis
732 850 792 918 est,
824 843 851 903 si
879 862 949 904 eum
978 838 1145 903 volueritis
1174 837 1220 900 le-

110 949 225 1030 gere“;
242 944 269 1021 ⁴)
294 953 326 1006 et
347 942 524 1007 lornandcs
541 943 667 1008 Gothus
686 947 811 1029 saepius
831 965 901 1007 eum
917 946 1066 1028 sequitur,
1088 944 1219 1005 Venan-

110 1049 172 1111 tius
196 1057 298 1111 autem
315 1049 508 1111 Fortunatus
532 1045 642 1110 laudes
666 1050 733 1110 eins
755 1045 918 1132 praedicat
939 1047 1026 1109 hisce
1048 1044 1208 1108 versibus:

233 1200 338 1276 „Quod
356 1211 432 1257 tonat
449 1199 624 1271 Ambrosius,
644 1200 824 1277 Hieronymus
842 1209 922 1278 atque
941 1210 1072 1268 coruscat,

285 1287 350 1343 Sive
368 1287 536 1362 Augustinus
555 1285 630 1342 fonte
647 1286 749 1342 fluente
768 1289 845 1362 rigat,

232 1372 360 1429 Sedulius
379 1372 481 1440 dulcis,
501 1372 589 1448 quod
608 1372 752 1429 Orosius
772 1373 842 1429 edit
860 1382 986 1440 acutus,

278 1458 385 1535 Regula
404 1457 525 1514 Caesarii
544 1458 615 1516 linea
634 1469 696 1514 nata
714 1459 768 1514 sihi
786 1461 860 1514 est.“
877 1460 903 1529 ⁶)

108 1599 195 1665 Idem
225 1599 315 1687 qnod
338 1600 516 1666 lornandes
544 1601 620 1664 fecit
649 1610 761 1685 postea
789 1599 932 1665 Isidorus
955 1597 1153 1685 Hispalensis
1182 1599 1218 1660 in

109 1704 299 1792 originibus,
329 1703 447 1769 saeculi
477 1706 603 1789 septimi
633 1707 769 1789 scriptor
797 1703 1030 1768 celeberrimus.
1088 1702 1216 1767 Octavo

109 1806 225 1873 deinde
260 1808 412 1874 historiae
440 1806 599 1872 miscellae
628 1806 778 1872 conditor
794 1807 821 1889 ⁶)
858 1805 995 1885 (Paulus
1024 1802 1218 1885 diaconusr)

109 1910 246 1997 plurima
270 1914 426 1979 eNostro
449 1915 590 1998 sumpsit.
628 1912 728 1976 Nono
750 1914 936 1976 exstiterunt
951 1917 1125 1973 sectatores
1141 1909 1219 1971 Fre-

108 2014 210 2080 cullus
238 2017 461 2094 bonomensis,
491 2018 545 2101 qui
574 2015 700 2080 duobus
731 2016 953 2079 chronicorum
982 2015 1076 2078 tornis
1106 2012 1219 2076 Orosii

105 2118 261 2204 permulta
281 2122 421 2197 inseruit,
445 2118 627 2203 ubicunque
645 2117 685 2181 ad
702 2141 773 2182 eum
788 2139 961 2195 recurrens,
985 2125 1016 2180 et
1031 2115 1103 2180 Ado
1118 2118 1219 2179 Vien-

106 2225 224 2286 nensis.
275 2224 333 2286 His
362 2232 466 2286 autem
492 2220 565 2307 plus
588 2220 752 2300 Aliredus,
782 2221 919 2308 Angliae
941 2241 996 2283 rex
1019 2219 1217 2309 clarissimus,

106 2325 306 2390 historiarum
330 2325 539 2389 translatione
562 2324 836 2412 Anglosaxonica,
858 2327 890 2388 in
914 2327 981 2388 eius
1003 2323 1159 2387 honorem
1185 2332 1219 2386 et

106 2427 241 2515 gloriam
271 2428 413 2494 contulit.
464 2430 579 2515 Neque
604 2427 868 2494 Occidentalibns
894 2429 987 2492 terris
1010 2436 1131 2491 tantum
1154 2425 1218 2489 cla-

105 2534 206 2595 ruisse
236 2533 404 2612 Orosium,
433 2531 491 2596 sed
522 2541 553 2597 et
580 2532 813 2611 Orientalibus,
843 2533 1086 2595 curiosissimum
1117 2538 1218 2593 exstat

106 2634 224 2699 saeculi
255 2634 367 2700 decimi
398 2636 631 2701 documentum.
683 2636 777 2704 Circa
808 2657 923 2700 annum
951 2637 1032 2698 enim
1060 2635 1126 2698 948
1150 2635 1217 2697 Ro-

105 2759 216 2802 manus
251 2739 410 2804 secundus
445 2743 619 2826 imperator
648 2739 908 2804 Abdolrahmano
939 2741 1047 2814 tertio,
1085 2736 1216 2802 Chalifo

106 2840 327 2921 Cordubensi,
360 2864 424 2906 una
455 2865 524 2906 cum
553 2841 746 2906 Dioscorida
775 2841 918 2906 Pedanio
949 2841 1059 2905 Orosii
1087 2860 1216 2926 quoquc

106 2944 266 3030 exemplar
295 2944 397 3010 dono·
411 2948 509 3022 misit3
540 2945 628 3030 quod
649 2945 732 3009 idem
755 2956 869 3031 postea
892 2942 1066 3008 Cordubae
1089 2943 1217 3007 videtur

104 3071 163 3134 per
178 3048 347 3114 Nicolaum
362 3050 550 3114 monachum
565 3052 599 3113 in
613 3048 755 3137 linguam
771 3049 936 3112 Arabicam
952 3069 1078 3111 versum
1094 3069 1173 3110 esse.
1187 3050 1216 3127 ⁷)

175 3257 211 3327 3)
233 3278 275 3336 ap.
293 3256 415 3314 Roncall.
433 3260 575 3314 vetustior.
588 3256 708 3313 Latinor.
728 3259 833 3336 scriptt.
849 3255 982 3313 chronica.
1012 3254 1116 3311 Patavii
1134 3255 1215 3312 1787.

104 3347 130 3400 ⁴.
154 3343 230 3400 Tom.
244 3342 265 3398 I.
282 3364 309 3421 p.
320 3346 373 3398 723
384 3376 418 3386 -
428 3348 488 3401 rm.
512 3342 572 3401 cod.
584 3343 632 3399 ille
644 3345 704 3422 ipso
722 3341 827 3400 saecll
844 3343 888 3400 rel
901 3342 940 3399 vl
951 3341 1120 3398 adscribitur.
1151 3340 1216 3398 Vid.

104 3429 191 3488 lione.
208 3429 293 3509 praef.
310 3429 421 3507 leX.

177 3526 211 3594 4)
234 3524 281 3589 De
307 3525 478 3592 institutione
504 3523 616 3580 divinar.
640 3525 794 3602 scripturar,
820 3543 844 3581 c.
859 3525 901 3578 17.
924 3540 986 3599 opp.
1011 3520 1053 3579 ed.
1070 3520 1216 3580 Brossens.

105 3609 167 3667 Col.
186 3609 327 3685 Allobrog.
349 3612 425 3665 1656.
451 3614 477 3665 4.
505 3629 531 3686 p.
541 3611 602 3665 467.

175 3702 210 3771 5)
235 3702 352 3759 Carmin.
372 3700 505 3770 lib.Vlll,
525 3705 548 3757 l.
573 3701 631 3770 „de
648 3703 757 3759 nomine
774 3699 825 3758 sno
846 3701 880 3757 ad
899 3701 1054 3783 divprsos‘b
1086 3700 1128 3757 ed.
1147 3700 1217 3757 Bro-

104 3807 171 3845 wer.
206 3785 323 3862 Mogont.
344 3790 421 3843 1617.
446 3791 473 3844 l.
505 3808 532 3865 p.
547 3791 606 3845 184.

174 3880 209 3948 6)
227 3878 314 3937 Valde
331 3883 462 3939 incertum
480 3901 540 3939 eum
559 3900 621 3939 esse
639 3880 711 3938 haud
723 3881 856 3956 ignotum:
876 3881 901 3937 si
913 3878 1073 3937 landulfum
1086 3877 1215 3954 Sagacem

104 3975 239 4023 auctorem
258 3969 409 4044 opinamur,
428 3977 485 4025 tum
503 3989 572 4024 saec.
587 3966 653 4025 XIV
671 3966 847 4023 adscribenda
865 3965 929 4026 hist.
949 3964 1061 4022 miscell.

104 4143 129 4202 Τ
173 4060 215 4202 ip(
226 4059 268 4116 Cf.
281 4060 382 4202 5Fliigcl
399 4082 421 4120 s.
433 4083 459 4123 r.
469 4061 586 4121 Orosius
605 4063 634 4119 in
644 4059 732 4120 Ersch
746 4081 772 4118 u
783 4058 890 4117 Gruber
904 4059 1055 4137 Encyclop.
1081 4056 1153 4115 Sect
1167 4056 1215 4114 111.

130 4165 180 4203 om.
216 4166 268 4224 .p.
301 4151 342 4204 14.
1115 4195 1117 4199 Α
