2640 4764
67 95 149 160 alias
171 93 270 181 plane
292 115 360 159 non
382 94 506 171 relatas,
529 95 583 160 vel
605 99 722 161 omittit
743 117 820 181 quas
842 98 904 161 iam
920 97 1125 165 indicaverat.
1139 101 1180 179 ¹⁶)

66 199 310 285 Saepenumero
339 208 403 263 tam
432 203 606 264 oscitanter
628 201 776 264 historias
797 220 872 265 suas
894 203 1113 284 composuisse
1135 206 1180 267 vi-

67 303 178 379 detur,
206 312 243 366 ut
270 324 338 368 non
367 301 469 367 solum
500 306 687 368 occasiones
718 306 1002 388 opportunissimas
1031 309 1080 371 rei
1104 329 1179 372 suae

65 405 296 493 provehendae
319 410 555 493 praetermittat,
578 406 634 471 sed
660 411 752 472 etiam
775 430 834 492 per
854 408 1059 495 negligenter
1080 411 1179 475 factas

66 513 204 575 fontium
233 513 398 576 versiones
428 510 646 575 crudelitatem
668 511 859 589 facinorum,
890 514 940 575 cui
962 512 1031 578 fere
1054 536 1180 600 semper

66 615 182 692 inhiat,
215 636 452 700 nonnumquam
484 618 662 679 imminuat!
714 614 899 680 Laudabilis
928 637 1033 681 rerum
1062 617 1177 683 electio

67 721 222 804 excipitur
243 740 262 783 a
284 721 429 804 pessima,
450 721 611 804 vituperio
629 718 827 806 diguissima;
851 718 966 804 quihus
982 742 1090 786 carere
1104 743 1178 807 pos·

66 826 173 901 simus,
196 821 345 910 longiora
364 825 548 908 insequitur,
571 845 632 907 qua
647 845 805 910 urgemur,
828 823 982 900 brevitas,
1006 835 1111 911 aptam
1128 847 1178 889 ex-

65 929 261 1012 positionem
285 927 402 1010 excipit
423 925 644 1012 compendium
670 928 938 1005 obscurissimum,
965 951 1069 1013 paene
1092 932 1177 994 inex-

64 1029 220 1095 tricabile.
272 1028 373 1094 Cuius
402 1034 644 1117 compositionis
674 1053 784 1096 causas
813 1031 928 1095 frustra
957 1035 1101 1097 invenire
1125 1053 1177 1097 co·

64 1143 169 1212 natus,
192 1134 322 1197 nonnisi
343 1133 407 1197 hoc
429 1134 628 1199 observabis:
651 1136 804 1201 Orosium
827 1134 1033 1200 meleretum
1048 1157 1175 1200 narran-

66 1237 178 1302 darum
208 1258 395 1323 oppressum
419 1260 559 1324 vereque
583 1242 707 1304 anxium
729 1243 855 1326 saepius
879 1242 1072 1305 commisisse
1095 1259 1175 1324 quos

64 1343 245 1427 vituperavi
274 1361 408 1406 errores.
423 1343 464 1422 ¹⁷)
516 1345 558 1407 At
579 1354 751 1429 propterea
773 1346 899 1407 minime
922 1344 1044 1407 Nostro
1067 1365 1175 1427 parca·

64 1468 150 1524 mus,
179 1443 237 1508 sed
265 1447 373 1530 potius
395 1444 470 1508 inde
493 1451 624 1512 maxime
648 1447 688 1511 de
711 1469 823 1534 parva,
852 1446 905 1511 vel
928 1447 996 1510 lere
1019 1446 1106 1511 nulla
1128 1448 1175 1511 in·

65 1550 145 1614 dole
159 1549 309 1613 historici
332 1554 545 1635 argumentari
568 1573 627 1616 nos
651 1560 794 1636 oportet,
818 1573 899 1636 quae
922 1553 948 1614 si
971 1573 1031 1635 qua
1055 1550 1174 1628 luisset,

62 1663 214 1740 respectu
241 1656 275 1716 in
297 1651 394 1716 finem
418 1658 525 1738 operis
548 1655 672 1733 habito,
701 1675 780 1740 prae
804 1656 937 1723 caeteris
959 1656 993 1716 in
1015 1652 1175 1718 electione

64 1758 169 1822 ubivis
193 1759 353 1843 aptissima
376 1759 559 1842 optimaque
583 1780 737 1845 apparere
761 1756 930 1821 debuisset.

154 1860 193 1923 ln
222 1859 461 1944 dispositionem
490 1883 592 1926 rerum
623 1861 793 1926 electarum
824 1865 884 1927 iam
907 1864 992 1925 versi
1015 1883 1053 1925 ex
1075 1860 1173 1926 modo

65 1965 159 2028 dictis
186 1966 290 2027 statim
320 1964 516 2049 dispicimus,
546 1965 586 2030 de
616 1967 847 2031 artificiosa
877 1986 936 2051 per
965 1974 1065 2030 totum
1090 1987 1173 2051 opus

64 2069 268 2133 historiarum
302 2067 513 2153 dispositione
548 2074 602 2149 (et
631 2073 884 2157 compositione)
916 2071 967 2133 vix
996 2091 1173 2135 sermonem

66 2195 138 2237 esse
163 2194 272 2258 posse.
323 2171 498 2255 Quomodo
528 2183 630 2238 totum
655 2176 857 2239 historiarum
879 2185 1113 2260 argumentum,
1140 2178 1173 2239 in

64 2275 167 2341 libros
196 2287 318 2362 septem
347 2276 558 2353 distribuerit,
589 2281 650 2341 iam
673 2298 768 2362 supra
791 2277 931 2341 breviter
952 2276 1172 2354 indicavimus;

66 2404 127 2467 qua
151 2383 185 2445 in
207 2403 242 2444 re
265 2390 350 2444 certe
373 2378 532 2444 laudanda
556 2392 604 2444 est
625 2382 717 2458 ratio,
739 2403 800 2464 qua
824 2389 858 2443 et
879 2383 992 2464 cuique
1011 2379 1094 2444 libro
1118 2403 1173 2466 pe-

64 2485 192 2551 riodum
227 2483 390 2570 quamdam
425 2486 575 2548 historiae
609 2482 788 2547 attribuerit
822 2493 854 2548 et
884 2481 1016 2545 eandem
1044 2481 1171 2547 finierit.

64 2589 258 2675 Ubicunque
282 2593 378 2665 enim,
402 2591 435 2651 ni
457 2589 593 2653 sortasse
616 2590 731 2651 emmas
754 2587 867 2652 librum
890 2589 1048 2672 quintum,
1069 2589 1172 2653 minus

66 2704 142 2781 apte
164 2697 198 2758 in
220 2692 309 2757 bello
332 2692 524 2780 gladiatorio
549 2692 759 2769 desinentem,
776 2695 816 2772 ¹⁸.)
840 2691 993 2756 divinatio
1016 2691 1069 2756 vel
1089 2689 1171 2757 adeo

65 2878 130 2925 stas.
163 2866 253 2940 Quum
266 2866 391 2924 Caesaris
409 2887 498 2923 rerum
516 2868 544 2921 in
556 2864 652 2922 Galliis
671 2876 803 2941 gestarum
820 2866 979 2933 meminerit,
998 2861 1098 2922 bellum
1107 2863 1173 2922 Ver·

64 2953 238 3031 cingetorigis
258 2952 303 3010 vel
322 2953 514 3011 crudelissimis
533 2950 735 3008 refertissimum
753 2951 916 3006 facinoribus
935 2949 1044 3006 brevius
1062 2970 1173 3026 percen-

64 3051 107 3097 set
126 3048 179 3096 etc.
557 3081 560 3085 ,

136 3125 190 3195 16)
213 3125 255 3182 cf.
273 3125 319 3194 111,
337 3129 362 3182 8.
381 3127 440 3181 init.
463 3134 491 3180 et
514 3145 582 3201 quae
603 3134 698 3202 postea
723 3123 757 3179 de
777 3123 857 3179 bellis
877 3122 1030 3179 Samniticis
1049 3122 1173 3179 exhiben-

64 3224 124 3278 tor;
140 3211 194 3269 loc.
211 3233 292 3290 supra
311 3215 355 3269 cit.
369 3211 414 3278 lV,
427 3214 469 3266 15.
489 3232 515 3287 p.
525 3213 586 3267 254.
597 3242 629 3253 -
643 3210 690 3279 vl,
705 3215 745 3271 19.
764 3231 791 3286 p.
801 3213 862 3265 436.
875 3208 907 3265 al.
921 3243 952 3253 —
966 3208 1001 3277 V,
1015 3213 1056 3264 12.
1075 3211 1171 3285 psit.

64 3300 112 3357 lin.
129 3303 154 3356 9.
176 3309 240 3378 post
261 3299 438 3369 „lllisenum“
461 3307 536 3352 autea
555 3295 606 3368 (cl.
625 3307 680 3353 not.
693 3300 737 3354 23.
756 3296 839 3368 ibid.)
858 3296 994 3371 legebatur
1014 3303 1067 3362 „ut
1085 3292 1172 3362 dixi“,

64 3407 116 3442 nec
138 3384 248 3442 dubium
267 3388 331 3462 quin
349 3388 386 3441 ita
403 3385 546 3463 scripserit
563 3382 676 3453 Noster,
699 3385 819 3459 quamvis
838 3380 906 3437 nihil
925 3380 959 3436 de
977 3401 1007 3436 ea
1026 3380 1064 3436 ibi
1082 3400 1112 3435 rc
1129 3378 1173 3434 ad·

65 3471 119 3528 huc
138 3471 259 3528 dixisset.
279 3503 312 3514 -
331 3469 378 3539 vl,
397 3475 438 3527 ll.
457 3492 483 3547 p.
494 3474 555 3527 402,
577 3468 673 3537 „Dum
689 3468 755 3525 haec
774 3468 808 3524 ad
826 3468 943 3524 Alesiam
961 3467 1120 3541 geruntur‘⁴,
1139 3465 1173 3522 de

64 3557 164 3634 quibus
187 3557 294 3634 quidem
316 3577 447 3634 nusquam
469 3575 557 3612 sermo
579 3554 672 3611 luerat.
700 3554 752 3625 (cl.
770 3554 817 3611 inf.
836 3574 858 3610 c.
877 3573 934 3629 seq.
954 3550 1173 3622 86110105.)-

65 3644 145 3717 Quae
168 3663 249 3720 quum
271 3662 390 3720 magnam
412 3663 477 3698 sane
496 3651 601 3719 partem
623 3662 655 3698 ex
677 3643 796 3709 ratione,
820 3659 870 3716 qua
893 3638 1014 3696 lontibus
1032 3640 1089 3696 suis
1107 3656 1173 3693 usus

64 3733 103 3787 sit
120 3729 252 3798 Orosius,
276 3728 433 3808 explicanda
452 3731 520 3796 siut,
539 3727 633 3806 ablega
652 3727 687 3784 ad
704 3747 761 3804 cap.
780 3746 838 3802 seq.

139 3816 194 3888 17)
217 3815 260 3874 Cf.
280 3836 319 3872 ex.
338 3835 375 3891 gr.
395 3813 441 3883 lV,
461 3818 502 3872 16.
514 3817 557 3871 20.
570 3816 603 3872 al.

139 3902 193 3974 18)
215 3903 258 3959 Ex
275 3901 376 3958 ultimis
393 3900 458 3957 libri
475 3901 566 3958 verbis
584 3900 629 3978 (p.
638 3899 716 3970 363.)
735 3898 861 3965 divinem,
884 3897 1012 3953 Orosium
1031 3897 1118 3976 ipsum
1136 3896 1174 3951 in·

66 3988 235 4046 commodam
253 4007 317 4044 sane
336 3997 364 4042 et
380 3989 469 4044 minus
487 3997 574 4064 aptam
594 3988 807 4043 terminationem
825 3983 898 4041 illam
916 3985 1043 4041 sensisse.
