2640 4764
598 172 640 239 49

59 347 195 411 maxime
219 347 431 433 cogitationes
456 357 488 412 et
511 351 680 434 opiniones
704 350 884 415 excursibus
907 351 954 416 his
978 363 1011 418 et
1031 359 1172 438 caeteris,

60 472 143 536 quae
175 449 304 514 dixerim
329 451 511 530 Orosianis,
542 454 597 517 has
621 454 732 518 Orosii
761 455 887 539 quidem
910 477 978 520 non
1002 480 1085 539 csse,
1114 460 1172 525 sed

59 556 184 640 potius,
207 563 243 618 ut
266 557 371 618 omnia
394 554 461 619 fere
485 555 559 632 alia,
583 556 634 621 vel
657 556 841 638 tralaticias,
863 558 916 623 vel
939 559 1068 626 aliunde
1091 584 1172 627 sum-

60 666 141 745 ptas.
189 659 310 721 Verum
333 666 437 723 tamen
457 659 617 724 Orosiana
640 664 806 726 nominare
829 685 866 726 ea
890 672 922 727 et
944 665 1081 750 probare
1104 688 1171 732 non

61 761 219 840 dubitavi,
243 783 338 846 quum
361 771 462 841 certe,
486 764 573 849 quod
596 786 656 829 nos
680 764 812 830 dicimus
835 767 1024 847 theoretice,
1047 774 1080 834 in
1102 793 1171 836 suc-

60 887 130 930 cum
155 873 188 928 et
209 869 396 952 sanguinem
418 868 529 931 Nostri
553 870 765 947 transiissent,
794 878 899 955 atque.
915 893 952 935 ex
975 875 1080 938 animo
1104 897 1171 939 cer-

60 972 198 1046 tissimo,
221 967 303 1034 adeo
327 970 473 1038 fervente
495 971 652 1037 interdum
675 973 886 1060 proferantur.

259 1342 261 1346 -
501 1310 649 1370 cnrvr
678 1314 728 1369 ln.

281 1438 350 1511 DE
380 1437 634 1516 FONTIBVS
666 1437 945 1516 LIBRORVM.

146 1639 318 1702 Maximum
348 1641 416 1704 sine
444 1639 543 1704 dubio
566 1648 759 1725 momentum
782 1641 856 1703 iusti
879 1641 1105 1727 certissimique
1127 1641 1169 1707 de

60 1742 217 1806 eiusmodi
239 1747 405 1830 scriptore,
427 1743 528 1829 qualis
552 1753 600 1808 est
615 1744 761 1823 Orosius,
784 1741 891 1806 iudicii
915 1754 1059 1809 accurata
1082 1748 1169 1810 inve-

58 1849 188 1933 stigatio
221 1857 269 1911 est
296 1848 431 1913 fontium
463 1857 495 1912 ct
517 1847 747 1913 demonstratio
771 1850 918 1926 rationis,
947 1870 1009 1933 qua
1032 1851 1070 1912 iis
1093 1872 1168 1914 usus

58 1953 108 2014 sit.
146 1951 230 2014 Nam
253 1952 301 2015 his
323 1951 421 2016 modo
446 1954 543 2016 erutis
567 1961 599 2015 et
621 1952 796 2037 patefactis,
818 1954 961 2014 meritum
985 1961 1040 2016 aut
1063 1956 1168 2039 operis

57 2056 166 2132 totius,
189 2064 244 2118 aut
265 2059 401 2139 partium
426 2060 492 2120 eius
515 2055 715 2142 singularum,
740 2054 793 2118 vel
817 2077 893 2119 casu
914 2055 1040 2135 factum,
1063 2078 1169 2143 respe-

59 2167 112 2222 ctu
135 2156 176 2221 ad
200 2157 261 2222 alia
284 2159 402 2238 habito,
431 2160 604 2238 fortuitum,
627 2159 679 2224 vel
703 2158 891 2239 absolutum,
913 2164 946 2223 in
970 2182 1004 2224 se
1027 2163 1167 2247 positum

58 2264 183 2325 censeri
205 2271 322 2347 potest.
374 2266 446 2328 Huc
471 2267 646 2351 spectantia
670 2261 822 2349 quaedam
844 2267 957 2350 partim
980 2268 1042 2328 iam
1065 2269 1168 2351 capite

58 2368 227 2451 superiore
256 2366 349 2431 allata
379 2379 465 2447 sunt,
496 2379 651 2454 quatenus
678 2389 715 2430 ex
736 2366 848 2432 indole
872 2378 904 2432 et
924 2377 1036 2432 natura
1060 2373 1167 2455 operis

57 2469 220 2549 Orosiani,
243 2481 338 2556 atque
361 2493 399 2535 ex
420 2474 498 2558 ipsis
523 2476 660 2537 auctoris
677 2469 777 2549 dictis,
800 2475 868 2535 sive
883 2476 1009 2559 apertis,
1032 2476 1099 2537 sive
1115 2495 1168 2537 ve-

57 2571 129 2636 latis
154 2577 251 2658 quasi,
276 2575 412 2639 fontium
435 2575 694 2640 advocandorum
717 2574 839 2653 modus,
862 2597 955 2660 quem
978 2587 1105 2642 secutus
1128 2580 1169 2640 sit

57 2680 197 2763 scriptor
225 2681 258 2742 in
286 2678 517 2765 componendis
540 2679 679 2743 historiis
703 2681 767 2742 suis
790 2676 900 2763 colligi
924 2688 1031 2763 queat3
1063 2687 1168 2744 tamen

56 2785 90 2845 in
118 2781 168 2845 his
196 2784 285 2868 ipsis,
314 2794 350 2848 ut
378 2785 452 2846 item
483 2786 584 2869 capite
614 2781 818 2869 praecedenti
844 2780 1049 2859 innuebatur,
1080 2789 1167 2847 tanta

57 2884 318 2950 animadvertitur
338 2889 565 2965 inconstantia,
592 2897 627 2950 ut
650 2910 687 2951 ex
710 2886 784 2964 illis,
808 2909 885 2972 quas
909 2885 986 2964 dixi,
1008 2887 1111 2964 notis,
1134 2889 1167 2949 ni

58 2994 233 3054 accuratius
261 2991 462 3077 perpendere
490 2990 570 3055 velis
593 2990 719 3078 singula
742 3013 902 3077 quaeque,
931 2993 999 3054 sine
1022 2990 1166 3078 periculo

57 3093 192 3158 fallendi
220 3102 252 3160 te
280 3098 398 3182 ipsum,
429 3094 470 3158 de
498 3086 639 3159 fontibus
663 3097 776 3160 Nostri
806 3105 837 3160 ct
865 3095 963 3159 rebus
988 3095 1050 3159 hue
1072 3097 1168 3179 perti-

56 3197 207 3262 nentibus
236 3201 363 3263 minime
392 3202 497 3284 possis
527 3198 709 3264 diiudicare.
760 3197 848 3262 Idem
877 3218 1019 3283 quoquc,
1049 3197 1168 3281 quide

57 3304 173 3368 Orosii.
200 3302 341 3366 lontibus
370 3302 475 3367 adhuc
502 3301 618 3367 iudicia
646 3304 805 3380 fecerunt,
834 3321 913 3388 quos
942 3303 1017 3365 mihi
1040 3299 1166 3386 quidem

57 3409 215 3493 inspicere
238 3405 334 3485 licuit,
357 3405 397 3470 ad
420 3429 517 3471 unum
541 3429 651 3472 omues
674 3408 826 3493 probant:
850 3405 1033 3491 ubicunque
1056 3404 1166 3469 deerat

57 3510 257 3600 singulorum
281 3533 478 3597 quorumque
500 3516 710 3596 perscrutatio
736 3518 891 3574 accurata.

146 3616 228 3679 Nam
258 3619 285 3680 si
308 3616 444 3681 Orosius
472 3619 505 3680 in
527 3615 727 3701 praefatione
750 3614 791 3678 ad
814 3613 1025 3700 Augustinum
1054 3632 1166 3697 „prae-

57 3741 190 3806 ceperas
213 3742 301 3808 ergo,
324 3723 433 3804 inquit,
457 3731 493 3784 ut
517 3742 554 3783 ex
578 3719 722 3784 omnibus
746 3722 799 3805 qui
821 3716 930 3781 haberi
953 3715 993 3779 ad
1015 3737 1166 3802 praesens

56 3835 208 3909 possunt,
245 3825 443 3888 historiarum
474 3834 567 3909 atque
597 3823 756 3887 annalium
785 3823 896 3885 fastis“
924 3806 1180 3904 praeteritorum·

58 3938 238 4015 temporum
262 3940 351 4016 gesta
374 3927 545 4007 „ordinato
569 3927 709 3991 breviter
729 3927 900 3990 voluminis
923 3933 1010 3988 textu
1033 3921 1167 4008 explica-

57 4038 161 4108 rem“;
192 4055 230 4095 ac
256 4036 283 4096 si
304 4033 400 4119 paulo
425 4043 500 4120 post
517 4033 543 4111 ι)
567 4031 607 4097 de
629 4034 705 4096 viris
727 4027 887 4096 scribendi
910 4027 1075 4106 studiosis,
1104 4034 1166 4089 tam
1243 4031 1246 4036 ’

130 4207 163 4278 1)
186 4206 213 4277 l,
228 4209 250 4264 1.
269 4209 330 4284 pu.

945 4296 965 4356 4
