2640 4764
691 176 733 243 69

159 380 181 414 a.
200 355 299 413 Neron.
320 356 352 409 ll
372 351 450 424 (Col.
464 352 636 421 ras-436.)
663 350 758 420 „Nero
781 352 809 406 in
828 349 990 429 Olympiade
1009 360 1168 420 coronatur,
1191 370 1263 428 cery-

159 463 218 513 cas,
236 442 401 508 citharistas,
420 449 499 515 trag,
518 441 599 514 aurig.
619 441 695 494 vario
714 439 857 494 certamine
874 438 1035 517 superaus.“
1071 439 1114 495 Ex
1133 457 1188 514 quo
1207 439 1263 494 eod.

158 529 211 586 loc.
220 537 335 604 sumpta,
348 547 416 603 quae
428 548 455 604 p.
461 528 534 593 472,
543 525 635 581 verbis
647 524 785 604 paululum
796 526 940 580 immutatis
952 523 1057 580 addidit
1065 523 1168 581 Noster
1180 523 1265 594 „Cen-

158 620 211 673 ties
230 615 363 671 centena“
382 623 431 669 etc.

229 701 294 757 ibid.
312 702 410 778 pali}
429 697 607 755 Christianor.
622 698 790 775 persecuti03
808 698 912 753 auctius
931 697 1128 774 quodammodo
1147 719 1202 755 sec.
1215 698 1265 755 En·

159 788 215 845 seb.
235 809 256 844 a.
276 785 392 842 Neronis
408 787 452 841 14
470 783 549 854 (Col.
563 786 743 851 435-436.).
765 817 796 827 -
816 805 843 862 p.
853 785 912 840 473.
931 784 978 841 lin.
990 789 1031 842 ll.
1053 785 1107 854 „ln
1125 785 1192 841 Asia
1211 795 1264 842 tres

159 875 263 932 nrbes⁶⁶
282 883 332 929 etc.
350 871 433 928 verba
451 871 550 927 Euseb.
569 893 584 927 a
603 869 700 926 Neron.
711 872 771 927 10.
784 871 830 940 ²⁹)

228 962 353 1018 Extrema
374 979 437 1037 pars
461 959 557 1035 capitis
579 956 740 1013 Eusebianis
765 977 806 1012 an.
826 955 926 1014 Neron.
947 958 981 1012 14
1002 957 1082 1029 (Col.
1095 959 1265 1027 437-438.)

159 1046 255 1105 similis
274 1046 395 1122 quidem,
414 1045 464 1101 sed
480 1044 606 1120 Eutropii
624 1040 684 1110 Vll,
701 1046 725 1099 9.
745 1053 794 1099 est.

229 1132 289 1201 Vll,
302 1135 326 1190 9.
345 1153 372 1209 p.
381 1133 442 1188 480.
465 1130 590 1188 Aetatem
612 1127 705 1207 templi
724 1129 963 1206 Hierosolymitani
983 1150 1036 1187 sec.
1055 1129 1156 1188 Euseb.
1175 1153 1198 1188 a.
1217 1129 1266 1187 Ve-

158 1241 230 1298 spas.
249 1223 266 1274 4
285 1217 362 1290 (Col.
375 1217 546 1284 439-440.)
564 1226 687 1272 accurate
704 1216 811 1272 indicat.
830 1246 863 1258 -
886 1217 953 1273 ibid.
971 1216 1126 1295 „Iosephus
1145 1239 1210 1275 rero
1229 1218 1266 1274 lo·

159 1308 242 1364 dacus
262 1339 293 1350 -
313 1303 410 1361 scribit
427 1303 578 1360 undecies“
596 1311 647 1358 ete.
665 1305 724 1359 init.
743 1324 757 1358 e
777 1302 915 1370 Suetonio,
934 1313 999 1381 post
1017 1325 1050 1361 ex
1068 1305 1169 1362 Euseb.
1189 1327 1205 1360 a
1217 1304 1265 1362 Ve

159 1397 261 1472 spas.2
280 1391 358 1464 (Col.
371 1389 422 1460 ll).
436 1423 469 1433 -
488 1388 552 1446 ibid.
571 1393 668 1467 paea.
686 1388 735 1445 lin.
747 1394 772 1445 4.
790 1389 954 1446 Provinciar.
970 1393 1077 1447 nomina
1095 1392 1139 1449 vel
1158 1413 1173 1447 c
1191 1391 1265 1448 Suet.

158 1479 241 1557 Vesp.
261 1482 285 1536 8.
304 1477 349 1535 vel
368 1497 401 1533 ex
415 1476 515 1533 Euseb.
535 1475 650 1553 aVesp.
670 1480 687 1533 6
706 1475 784 1546 (Col.
796 1476 982 1545 439-449.);
999 1488 1087 1534 terrae
1105 1489 1195 1534 autem
1213 1499 1267 1534 mo·

158 1577 204 1623 tus
222 1564 302 1643 paolo
320 1574 383 1642 post
401 1583 518 1641 sequens
538 1585 561 1618 a.
574 1561 657 1639 Vesp.
676 1565 693 1617 9
713 1572 740 1617 ct
756 1565 843 1641 pestis
861 1562 962 1619 Romae
981 1574 1054 1620 certe
1072 1585 1105 1621 ex
1123 1564 1226 1622 Enoch.
1245 1585 1265 1619 a.

160 1652 243 1730 Vesp.
263 1655 280 1708 9
300 1661 327 1707 et
344 1653 362 1707 9
379 1649 458 1720 (Col.
476 1648 505 1706 ll.
525 1659 553 1705 et
569 1651 750 1716 rol-alat

231 1738 291 1807 (De
308 1736 468 1814 Vespasiani
490 1745 576 1790 morte
593 1735 740 1812 Eutropius
766 1743 793 1789 et
810 1735 945 1792 Eusebius
965 1738 1077 1792 consoni
1096 1734 1222 1811 quidem,
1244 1737 1266 1791 is

159 1835 248 1882 tamen
266 1844 336 1879 anno
355 1822 437 1900 Vesp.
458 1825 500 1891 lb,
519 1821 566 1877 ille
583 1841 655 1878 nono
675 1841 731 1876 eam
750 1819 893 1888 adscribit,
911 1831 942 1878 ut
960 1832 987 1877 et
1004 1821 1131 1892 Noster.)

229 1911 294 1967 ibid.
314 1910 348 1967 de
361 1909 425 1966 Tito
444 1910 616 1965 consentiunt
632 1907 687 1964 lero
700 1908 821 1976 Sueton,
839 1908 952 1984 Eutrop.
966 1919 993 1963 et
1004 1909 1103 1965 Euseb.
1117 1918 1267 1986 tantopere,

159 2009 190 2055 ut
206 2000 252 2055 vix
271 1997 418 2064 discernas,
438 2017 516 2073 quem
534 1997 704 2073 potissimum
722 2003 832 2050 secutus
850 1996 887 2049 sit
904 1993 1016 2050 Noster:
1040 1994 1191 2051 similitudo
1211 2016 1268 2051 ver-

158 2086 254 2142 borum
272 2083 388 2140 fortasse
405 2104 472 2140 max.
491 2093 559 2160 part.
578 2084 607 2137 in
624 2081 736 2138 Eusehii
754 2080 885 2147 favorem
907 2083 1007 2150 exitus,
1026 2091 1141 2160 propter
1160 2084 1267 2138 unicum

160 2173 289 2246 „ingenti
302 2171 417 2226 omnium
436 2167 553 2224 luctu“
572 2168 686 2223 forsitan
703 2166 835 2223 Suetonii.

230 2256 288 2324 Vll,
303 2261 344 2312 10.
363 2277 389 2333 p.
400 2257 460 2324 484.
480 2254 551 2310 idem
571 2253 628 2310 fere
646 2263 689 2310 est
706 2264 786 2330 atque
804 2257 832 2310 in
850 2256 935 2332 priori
953 2255 1048 2331 capite.
1085 2252 1189 2310 Tamen
1207 2275 1268 2332 pro·

160 2343 203 2400 cul
221 2343 303 2401 dnbio
322 2362 389 2419 quae
409 2341 443 2396 de
461 2339 676 2398 Christianorum
696 2351 723 2396 ct
740 2343 845 2416 generis
863 2341 953 2397 David
971 2343 1161 2419 persecutione
1180 2342 1268 2398 adfert

159 2430 242 2486 Oros.
261 2452 287 2508 p.
300 2431 375 2494 484,
398 2428 509 2483 Eusebii
532 2438 638 2483 sunta.
662 2428 809 2483 Domitiani
834 2431 868 2484 14
889 2427 968 2500 (Col.
985 2430 1164 2496 443-444.)
1189 2439 1219 2486 et
1236 2432 1269 2484 16

159 2513 240 2588 (cor.
253 2515 439 2583 445-446.).
455 2515 499 2584 ³⁰)

231 2599 290 2667 Vll,
302 2605 341 2656 ll.
361 2621 388 2678 p.
399 2603 458 2656 485.
482 2599 555 2669 „Hic
572 2601 683 2677 primo“
702 2611 752 2658 etc.
773 2623 806 2658 ex
823 2601 922 2657 Euseb.
940 2622 963 2655 a.
976 2599 1082 2656 Nervae
1099 2600 1245 2672 (Colli).

229 2687 288 2756 Vll,
303 2692 344 2743 12.
363 2708 388 2765 p.
399 2688 557 2744 486-488.
577 2706 643 2742 max.
662 2697 731 2764 part.
750 2708 784 2744 ex
801 2687 912 2744 Euseb.:
931 2685 1109 2744 Christianor.
1130 2700 1268 2765 persecut.

158 2774 256 2833 Euseb.
275 2796 298 2831 a.
318 2774 424 2831 Traian.
444 2778 478 2830 10
497 2783 524 2828 et
544 2777 575 2828 ll
595 2772 674 2845 (Col.
684 2775 856 2844 447-450.)

194 2882 273 2917 aurea
291 2860 361 2916 dom.
381 2861 542 2934 conflagrata
561 2890 595 2900 ·-
614 2857 650 2912 id.
670 2879 693 2914 a.
713 2858 784 2916 Trai.
804 2864 828 2915 6.
848 2858 926 2931 (Col.
937 2863 1113 2928 445-446.)

193 2953 380 3003 terraemotus
393 2945 474 3001 Asiae
488 2953 514 2999 et
524 2943 652 3000 Graeciae
666 2978 697 2989 -
712 2946 748 3004 id.
757 2969 779 3002 a.
791 2945 861 3002 Trai.
877 2951 900 3002 7.
914 2946 994 3017 (Col.
1004 2950 1055 3002 447
1064 2947 1181 3018 -448.)
1213 2913 1257 2981 ³¹)

263 3033 328 3086 item
347 3029 467 3086 Galatiae
482 3030 527 3100 ³²)
696 3032 733 3088 id.
752 3055 774 3089 a.
794 3031 865 3089 Trai.
886 3037 928 3088 12.

262 3114 402 3173 Pantheon
421 3127 580 3175 concremat.
709 3151 720 3162 ·
755 3151 765 3162 ·
825 3153 836 3163 -
888 3122 929 3175 13.

262 3204 388 3261 Antioch.
408 3214 494 3260 terrae
512 3215 587 3261 motu
605 3204 727 3261 subvers.
754 3239 765 3248 -
825 3239 836 3250 ·
888 3208 928 3261 16.

158 3313 185 3371 p.
203 3293 257 3360 48}
279 3301 367 3346 motus
390 3288 510 3347 ludaeor.
529 3311 582 3348 sec.
601 3291 701 3348 Euseb.
720 3313 743 3348 a.
763 3291 835 3349 Trai.
855 3294 968 3347 17-19
991 3290 1070 3364 (Col.
1085 3293 1266 3362 449-459,).

228 3519 282 3590 29)
305 3517 378 3574 lnter
400 3520 594 3596 punitiones
617 3521 814 3597 persecutionis
837 3521 946 3578 allatum
969 3519 1117 3591 aNostro,
1144 3524 1266 3599 quamvis

159 3606 335 3687 quadriennio
354 3605 531 3661 antefactum
549 3607 596 3661 sit!

229 3693 282 3762 30)
304 3690 333 3748 P.
348 3692 409 3746 484.
427 3689 474 3746 lin.
489 3695 514 3748 6.
539 3712 590 3768 pro
614 3692 796 3761 „invidetur“
816 3727 848 3738 ·-
868 3692 1044 3761 ‚,dilsrditur“
1067 3717 1108 3773 ap.
1128 3694 1212 3753 Oros.
1230 3695 1266 3751 le·

159 3775 274 3854 gendum
286 3797 347 3833 esse
359 3785 451 3831 censet
462 3776 585 3853 Lessing.
603 3800 630 3836 v.
642 3779 666 3836 d.
679 3779 729 3836 Art
741 3802 765 3837 u.
775 3779 872 3837 Weise
884 3781 932 3837 der
941 3780 1151 3859 Fortpllanzung
1161 3803 1187 3838 n.
1198 3783 1266 3839 Aus-

158 3865 284 3939 breitung
296 3862 345 3918 der
357 3862 459 3919 christl.
472 3862 558 3940 Relig.
595 3864 697 3922 Wcrlrc
716 3866 762 3923 XI.
781 3889 808 3945 p.
819 3871 860 3924 73.

229 3951 281 4018 31)
303 3948 402 4006 lterum
424 3971 465 4028 ap.
486 3950 615 4008 Orosium
637 3952 840 4010 anachronismo
862 3956 890 4010 in
908 3953 1039 4023 favorem,
1063 3965 1093 4011 ut
1111 3965 1204 4034 putat,
1228 3956 1264 4012 rei

159 4035 306 4093 Christian.
324 4038 421 4113 posita.

228 4123 280 4194 32)
305 4122 386 4179 Oros.
405 4144 431 4199 p.
440 4127 501 4182 487.
519 4125 567 4182 lin.
578 4129 619 4183 13.
639 4125 773 4194 „eodem
791 4135 878 4182 terrae
895 4129 1022 4184 motu“?!
1040 4129 1105 4186 mira
1122 4129 1263 4185 oscitantia

159 4229 173 4264 a
192 4207 288 4284 Scalig.
306 4207 434 4266 animadv.
453 4209 551 4270 Euseb.
572 4235 598 4291 p.
611 4216 672 4270 206.
691 4214 743 4268 iam
761 4213 912 4270 observata.
