2640 4764
638 163 681 230 56

303 429 328 498 §.
348 430 374 482 2.
414 424 950 484 nvsnnlvs-Hrnnonrnvs
967 425 1011 496 13)

193 547 256 614 Cui
278 549 397 632 primus
420 557 494 632 post
510 548 720 634 Augustinum
743 546 879 611 debetur
900 546 992 611 locus
1011 552 1148 631 propter
1162 568 1210 609 ae-

105 674 167 738 que
190 672 336 739 magnam
358 654 390 714 in
415 672 497 736 opus
513 652 707 716 Orosianum
729 662 761 714 ct
775 650 917 738 singulas
935 653 1002 714 eius
1018 662 1126 736 partes
1143 653 1210 728 vim,

105 777 261 843 quemque
289 776 365 841 prae
394 758 526 819 caeteris
554 757 588 818 in
613 775 688 818 vere
711 756 869 820 historicis
891 756 1021 818 ascitum
1046 757 1211 841 cognosci-

104 884 183 939 mus,
204 863 422 944 Hieronymus
446 867 503 922 est.
541 859 663 922 Notum
680 862 771 937 enim,
795 881 865 923 eum
882 860 1022 922 chronici
1039 857 1212 921 Eusebiani

104 975 225 1050 partem
248 964 378 1027 alteram
400 965 434 1025 in
456 960 584 1025 latinam
606 965 740 1029 vertisse
757 962 906 1051 linguam,
929 964 1104 1026 auctiorem
1120 964 1212 1026 inter·

105 1068 179 1133 dum
201 1065 393 1144 reddidisse,
417 1064 555 1151 denique
578 1064 618 1128 ad
643 1087 759 1130 annum
781 1089 882 1152 usque
906 1065 1025 1131 Christi
1047 1068 1116 1130 378
1140 1086 1212 1129 con-

105 1177 253 1236 tinuasse.
299 1170 373 1254 Qua
395 1168 604 1232 translatione
622 1170 768 1248 Orosius,
791 1173 932 1256 quamvis
955 1192 1059 1255 neque
1075 1168 1212 1247 Eusebii,

104 1297 210 1361 neque
232 1276 423 1359 Hieronymi
445 1272 514 1336 ullo
538 1272 635 1336 modo
659 1283 713 1337 aut
735 1295 866 1359 usquam
888 1276 1081 1351 meminerit,
1113 1272 1213 1358 dupli-

105 1383 184 1445 citer
205 1401 289 1456 usus,
313 1386 367 1441 aut
390 1377 470 1440 facta
492 1375 567 1440 inde
582 1389 741 1442 mutuatus
758 1388 814 1456 est,
836 1377 890 1442 vel
904 1377 1057 1464 impulsus
1073 1375 1115 1440 ad
1132 1397 1213 1440 com·

104 1481 308 1548 memoranda
333 1503 369 1545 ea
392 1502 451 1566 per
473 1481 664 1560 chronicum,
688 1492 742 1547 aut
763 1485 892 1547 notitias
915 1503 988 1547 suas
1010 1479 1213 1568 chronologi-

105 1610 166 1667 cas,
188 1607 335 1675 magnam
357 1584 466 1649 saltem
490 1595 618 1671 partem,
642 1573 816 1652 secundum
839 1587 939 1651 fastos
957 1585 1030 1649 illos
1047 1583 1213 1661 ordinavit,

104 1691 158 1756 vel
182 1694 274 1756 etiam
298 1692 502 1775 computavit.
540 1689 677 1754 Primum
699 1691 826 1776 quidem
842 1689 936 1754 facile
952 1689 1082 1776 probari
1098 1696 1214 1775 potest,
1250 1690 1252 1695 ’

105 1793 238 1859 alterum
259 1815 337 1857 vero
361 1791 536 1857 difficilius:
559 1793 618 1858 sed
641 1816 736 1879 quum
759 1794 840 1860 illud
861 1815 919 1880 per
942 1815 976 1857 se
992 1794 1085 1857 huius
1102 1794 1143 1854 sit
1159 1791 1215 1855 do-

105 1907 293 1976 cumentum,
313 1919 417 1982 neque
440 1897 472 1961 id
495 1918 635 1983 parvum,
657 1919 718 1961 nec
740 1897 844 1962 solum
867 1921 929 1984 qua
949 1906 1072 1983 sumpta
1088 1897 1154 1959 sint
1168 1916 1214 1958 ra·

105 2006 208 2081 tione,
236 2013 300 2065 tam
326 2001 409 2064 facta
432 2023 524 2086 quam
547 2000 777 2090 chronologica
802 2023 819 2064 e
844 2001 995 2064 chronico
1019 1998 1228 2079 Eusebiano,

106 2104 244 2169 discerni
266 2106 376 2189 possit,
400 2102 457 2167 sed
479 2107 593 2189 partim
617 2105 699 2170 adeo
724 2104 846 2183 debeat,
869 2104 952 2169 facta
977 2104 1143 2190 desumpta
1164 2126 1216 2168 an-

39 2275 45 2283 ,
104 2208 254 2273 tecedant
277 2206 523 2295 chronologicis.

194 2310 381 2376 Chronicon
404 2311 618 2377 Eusebianum
649 2311 689 2377 ad
717 2320 823 2398 partes
853 2334 923 2377 esse
952 2323 1100 2377 vocatum
1128 2312 1216 2398 quod

105 2417 218 2478 attinet
239 2414 331 2491 lacta,
353 2417 420 2478 sive
443 2424 599 2502 tamquam
620 2416 753 2481 fundum
770 2435 875 2481 rerum
890 2427 1215 2497 commemoratarum,

104 2539 200 2603 saepe
229 2521 439 2603 conspicimus
468 2542 526 2607 per
555 2528 656 2585 totum
683 2519 798 2584 librum
821 2522 956 2606 primum
979 2520 1091 2585 Orosii
1114 2543 1216 2608 usque

104 2624 137 2686 in
166 2623 289 2685 initium
318 2627 365 2703 (c.
383 2625 434 2705 l.)
464 2623 538 2688 libri
566 2623 707 2688 secundi.
765 2623 966 2703 Inde-vero,
1001 2625 1055 2690 ubi
1084 2625 1216 2703 Noster,

106 2728 197 2789 etiam
228 2734 362 2811 propter
392 2729 535 2793 chronici
563 2730 663 2814 ipsius
692 2726 848 2806 indolem,
875 2731 1001 2815 quippe
1031 2751 1092 2814 qua
1122 2733 1216 2795 unice

104 2829 172 2894 fere
203 2829 245 2893 ad
274 2829 441 2895 Orientem
470 2835 672 2918 respiciatur,
703 2835 738 2894 in
766 2816 897 2897 historia
927 2833 1145 2898 Romanorum
1177 2834 1217 2898 ad

105 2931 186 2997 alios
209 2935 270 2996 iam
294 2938 418 2998 transiit
440 2935 556 3014 fontes,
580 2938 698 3021 passim
720 2935 818 2999 modo
842 2935 1031 3013 Eusebiana,
1055 2946 1087 3000 at
1109 2943 1217 3003 certis-

105 3038 183 3099 sima
207 3048 378 3101 occurrunt
400 3061 459 3125 per
480 3038 595 3125 reliqui
619 3039 691 3103 libri
714 3039 846 3103 secundi
870 3049 1050 3104 contextum
1066 3045 1217 3128 usquein

104 3142 294 3225 principium
318 3145 410 3206 tertii.
455 3145 553 3208 Liber
569 3145 680 3209 Orosii
703 3155 831 3229 quartus
856 3166 950 3228 quum
974 3166 1071 3209 unum
1094 3155 1215 3211 tantum

105 3242 228 3308 adierat
252 3267 288 3309 ex
304 3246 454 3325 Eusebio,
477 3250 605 3333 quintus
623 3246 709 3324 nihil,
733 3258 839 3311 sextus
855 3250 929 3311 item
947 3252 1091 3313 nonnisi
1109 3273 1215 3328 unum,

106 3367 146 3410 eo
174 3346 265 3434 plura
295 3358 326 3412 et
354 3352 473 3414 maiora
504 3360 627 3414 exstant
655 3372 714 3437 per
739 3354 899 3415 maximam
924 3350 998 3415 libri
1020 3353 1123 3419 ultimi
1146 3378 1216 3441 par-

104 3459 177 3513 tem.
216 3449 332 3536 Qualia
357 3453 549 3542 exsignanda
572 3450 606 3517 'et
628 3455 689 3518 huc
706 3457 910 3542 respicientia
926 3456 1051 3544 singula
1068 3460 1130 3521 iam
1147 3463 1214 3546 ipsa

104 3565 284 3640 sequantur.

114 3677 115 3681 ’
174 3674 260 3732 Prima
273 3674 560 3753 Eusebii·llieronymi
580 3682 691 3756 vestigia
710 3682 880 3758 reperiuntur
897 3680 1042 3738 inllustro
1061 3681 1082 3750 l,
1097 3685 1122 3738 1.
1142 3703 1168 3760 p.
1180 3687 1213 3749 7.,

104 3759 151 3816 uhi
174 3782 242 3836 quae
265 3760 440 3840 proferuntur
461 3773 611 3842 temporum
629 3768 848 3845 supputationes,
871 3789 904 3824 ex
922 3767 992 3835 illis,
1014 3768 1058 3825 vel
1077 3769 1126 3826 illo
1146 3791 1214 3826 sum-

104 3855 166 3923 ptae
188 3856 266 3913 sunt3
290 3847 465 3924 eosdemque,
489 3852 512 3906 si
536 3853 590 3917 vis,
614 3873 791 3929 recognoscas
813 3855 840 3908 in
859 3874 988 3911 annorum
1006 3875 1118 3910 numero
1137 3857 1212 3932 regni

103 3931 168 3988 Nini
186 3932 207 4000 l,
221 3934 246 3989 4.
264 3953 290 4010 p.
300 3937 342 3991 37.
363 3934 413 4005 (ei.
433 3935 492 3991 inlr.
513 3936 546 3993 ad
565 3937 597 4006 ll,
611 3943 635 3994 3.
643 3942 663 4006 )‚
687 3959 768 4014 quum
786 3939 914 4010 lustinus,
933 3962 1011 4016 quem
1031 3943 1058 3997 in
1076 3940 1138 3998 aliis
1159 3942 1176 3998 l.
1195 3941 1213 3996 l.

104 4040 304 4051 -———...

175 4106 227 4177 13)
250 4106 305 4164 Ubi
324 4107 446 4166 laudatur
464 4111 581 4167 chronic.
596 4114 655 4169 sive
673 4133 726 4168 sec.
741 4134 800 4168 ann.
815 4116 872 4172 sive
885 4135 958 4192 pagg.
974 4114 1066 4189 (col.)
1080 4115 1212 4173 Roncallii

105 4191 147 4248 ed.
166 4202 214 4249 est.
236 4192 311 4250 Tum.
325 4194 344 4252 l.
363 4198 503 4253 vetustior.
522 4197 628 4254 latinor.
648 4200 752 4277 seriplt.
774 4209 825 4256 ete.
