2640 4764
703 212 766 278 114

249 389 296 455 lv,
308 392 333 445 8.
352 391 561 466 pets-asta
582 387 725 444 Calatinus
744 407 820 444 cons.
837 406 923 465 prope
941 385 1113 444 Camariuam
1132 388 1162 443 iu
1179 387 1281 445 iusidias

179 476 284 543 duetus,
308 496 323 530 a
342 473 491 552 Calpurnio
509 474 649 530 liberatus.
669 495 722 530 sec.
742 472 801 529 Ltv.
820 473 905 531 XVII.
925 472 977 544 (cl.
996 484 1024 530 et
1041 473 1131 541 XXII,
1143 476 1212 543 eol.
1231 496 1282 531 eon·

179 564 328 618 sonantiam
352 561 419 617 adeo
442 561 525 617 habes
548 561 654 618 verbor.
679 563 708 616 in
732 563 795 638 epit.
819 569 847 616 et
869 580 910 637 ap.
930 559 1037 629 Nostr.‚
1061 562 1146 617 sicuti
1163 561 1281 617 rerbaiu

178 648 251 704 Flor.
270 647 302 714 ΙΙ,
315 652 346 715 2;
363 651 404 703 13.
424 668 454 702 ea
473 646 507 702 de
525 667 555 703 re
573 649 747 703 occurrentia.
767 644 882 719 (Polyb.
899 645 965 702 haec
983 647 1101 714 omisit.)
1120 678 1156 688 -
1176 646 1282 703 Annibal

178 755 236 791 seu.
253 736 357 802 rictus,
381 755 396 789 a
413 735 470 790 suis
489 732 625 811 lapidibus
645 733 766 788 obrutus.
789 752 843 787 sec
862 731 923 788 Liv.
941 731 1026 788 XVII
1046 735 1093 801 (in
1117 734 1186 810 epit.
1203 743 1281 790 autem

178 824 229 889 „in
247 841 352 877 erucem
370 819 523 886 sublatus“,
543 821 623 875 sicuti
643 839 750 896 quoque
768 820 796 873 iu
815 816 911 892 Polyb.
929 817 1017 885 Ι,24.,
1039 819 1088 893 qui
1106 820 1219 895 quidem
1234 840 1281 877 rem

179 918 298 986 tempore
321 909 438 985 priorem
461 905 536 962 lacit:
560 905 635 981 quod
657 905 792 981 explicare
816 913 928 960 conatur
951 903 1064 961 llaverc.
1084 914 1141 961 not.
1158 909 1185 962 6.
1209 906 1241 962 ad
1258 906 1279 963 h.

178 994 260 1050 Oros.
279 994 320 1062 c.)
345 1024 377 1035 -
399 1013 427 1069 p.
437 996 499 1061 tat.
524 991 648 1058 „Atilius
667 990 822 1066 (Regulus)
847 1010 921 1046 cons.
940 989 1064 1067 Liparam
1083 990 1279 1068 IlIelitamque

179 1112 210 1125 ·-
229 1088 389 1158 pervagatus
402 1079 531 1133 evertit“.
550 1097 603 1134 sec.
616 1076 675 1135 Liv.
689 1077 791 1133 XVII?
810 1077 915 1152 (neque
927 1094 942 1130 e
954 1074 1061 1150 Polyb..
1078 1097 1172 1154 neque
1183 1078 1279 1135 aliunde

178 1166 240 1223 talia
257 1163 394 1243 petenda.)
414 1195 449 1205 -
468 1163 547 1219 Coss.
568 1163 667 1219 bellum
686 1165 714 1219 iu
729 1162 847 1219 Africam
865 1161 1011 1218 transferre
1028 1164 1110 1218 iussi:
1127 1183 1220 1242 pugna
1236 1163 1279 1234 (ad

177 1252 331 1308 Heracleam
345 1250 477 1316 llinoam)
496 1249 606 1305 navalis.
638 1248 742 1326 Clupea
761 1251 790 1304 in
808 1248 889 1305 dedit.
909 1258 1029 1325 recepta:
1048 1248 1162 1305 castella
1173 1250 1278 1328 plurima

177 1346 288 1394 vastata.
318 1334 433 1391 Manlius
452 1355 525 1392 cons.
546 1357 565 1391 c.
581 1337 694 1412 captivis
714 1334 864 1412 spoliisque
876 1335 988 1391 Romam
1005 1355 1140 1392 reversus.
1160 1335 1277 1392 senhir.

176 1421 252 1480 XVII
269 1422 314 1479 rel
332 1420 428 1478 XVIII.
466 1420 594 1496 [Singula
616 1441 747 1498 nusquam
766 1441 780 1476 a
799 1421 893 1496 Polyb.
911 1422 937 1489 Ι,
957 1425 993 1476 25
1005 1454 1036 1466 -
1048 1425 1091 1478 29.
1111 1421 1276 1479 dissentiunt.

176 1508 290 1565 Verbor.
310 1516 440 1584 quandam
460 1507 662 1565 similitudinem
680 1507 764 1564 babes
783 1529 804 1563 c.
823 1506 896 1563 Flor.
915 1505 948 1573 ΙΙ,
961 1509 992 1572 23
1011 1509 1054 1562 le.
1073 1517 1102 1563 et
1118 1508 1234 1586 Eutrop.
1249 1508 1277 1575 ll,

177 1598 217 1650 ΙΙ.
242 1615 356 1672 quocum
377 1605 406 1650 ct
428 1594 541 1651 eundem
565 1596 692 1671 captivor.
716 1614 739 1649 c.
761 1592 861 1649 blanlio
884 1592 996 1648 Romam
1019 1595 1127 1649 missor.
1148 1615 1278 1652 numermn

175 1680 277 1736 Noster
293 1680 407 1756 prodit]
429 1714 459 1725 -
484 1680 603 1756 Regulus
625 1690 777 1757 serpentem
795 1682 877 1735 mirae
894 1678 1085 1754 magnitudinis
1105 1681 1214 1738 cecidit.
1231 1701 1277 1737 sec.

174 1765 233 1821 Lir.
250 1764 347 1824 XVIII.
372 1765 423 1836 (cl.
442 1765 501 1823 Val.
521 1766 591 1822 hlax.
609 1765 634 1833 l,
652 1769 676 1822 8.
696 1775 749 1821 ext
768 1768 808 1821 19.
837 1765 907 1821 Gell.
929 1764 1019 1833 v1‚3.
1047 1765 1117 1823 ΡΙίη.
1131 1767 1209 1834 VIII,
1226 1768 1277 1834 tt.)

175 1884 209 1895 -
227 1872 254 1928 p.
265 1855 338 1909 tet:
358 1851 454 1927 Reguli
473 1872 518 1908 res
537 1862 629 1908 contra
647 1861 703 1908 tres
718 1851 931 1927 Carthaginiens.
950 1854 1032 1930 impp.
1051 1851 1171 1909 feliciter
1187 1862 1276 1929 gestae.

174 1959 228 1994 sec.
242 1937 299 1994 hir.
311 1937 408 1995 XVIII.
428 1938 521 2007 [Inter
537 1938 662 2013 Carthag.
682 1938 763 1994 duces
782 1947 889 2014 praeter
901 1938 1061 1995 Amilcarem
1080 1939 1166 1996 duos
1182 1938 1278 1996 Asdru-

173 2025 249 2081 bales
267 2025 352 2081 luisse
369 2025 467 2080 scribit
484 2023 591 2081 Noster.
620 2023 651 2080 In
668 2022 765 2100 Polyb.
784 2024 805 2092 l,
816 2028 861 2080 30.
878 2025 1010 2081 Bostarus
1022 2025 1121 2101 legitur
1133 2047 1186 2104 pro
1199 2026 1276 2082 altem

173 2109 335 2167 Asdrubale.
371 2109 400 2165 ln
420 2109 523 2166 damnis
542 2108 667 2184 Carthag.
686 2110 743 2166 lere
761 2133 784 2167 c.
800 2111 916 2188 Eutrop.
932 2111 964 2179 ll,
980 2114 1023 2181 ΙΙ.
1041 2111 1106 2168 lacit
1124 2113 1261 2182 Orosius]

243 2195 290 2264 IV,
300 2200 324 2252 9.
344 2216 361 2272 p
378 2197 536 2252 res-241.
565 2217 592 2274 p.
603 2199 678 2252 238.ι
698 2195 911 2270 Carthaginieus.
924 2206 1036 2275 propter
1049 2197 1209 2255 durissimas
1222 2217 1276 2255 con·

173 2282 291 2339 ditiones
317 2302 410 2358 pacem
437 2290 576 2349 recusant,
604 2281 787 2359 Xanthippum
814 2282 977 2338 adsciscunt.
1012 2282 1158 2342 Romanor.
1184 2284 1276 2342 clades.

171 2368 344 2445 Xanthippus
368 2368 519 2422 revertitur.
543 2387 596 2423 sec.
616 2366 675 2424 Liv.
694 2367 789 2424 XVIII.
812 2367 947 2443 t[Siugula
966 2389 987 2424 c.
1007 2368 1103 2445 Polyb.
1127 2371 1150 2438 1,
1167 2373 1276 2427 :tl-tt

172 2464 201 2510 et
217 2456 260 2509 36.
279 2462 442 2528 congruunt;
460 2455 488 2508 in
505 2452 683 2510 discedentib.
703 2454 736 2509 ab
755 2453 812 2520 illo,
830 2456 907 2531 impr.
921 2474 970 2531 per
980 2455 1095 2533 Eutrop.
1107 2456 1141 2524 ΙΙ,
1154 2460 1208 2526 11.‚
1225 2457 1275 2512 lou·

171 2549 226 2595 tem
243 2537 338 2595 Nostri
355 2538 504 2594 Romanum
521 2542 699 2614 agnoscimus.
729 2538 869 2616 Hispani
888 2551 915 2596 et
933 2540 1031 2609 Galli,
1049 2544 1102 2598 iam
1119 2553 1198 2600 antea
1216 2543 1275 2600 Car·

171 2625 376 2701 thaginiensinm
394 2624 576 2702 stipendiarii,
598 2647 640 2703 ap.
660 2626 818 2681 Orosinm
837 2625 892 2682 lere
910 2626 1018 2683 solum
1036 2627 1171 2704 leguntur.
1207 2630 1274 2687 Xan·

170 2711 282 2791 thippus
300 2710 556 2779 „Lacedaemonion
570 2714 640 2768 rex“
658 2714 754 2767 vitium
770 2714 912 2789 apertum]
924 2745 959 2755 —
977 2734 1004 2791 p.
1013 2718 1088 2771 2393
1106 2716 1183 2772 Aeno.
1196 2715 1275 2772 Paulo

170 2808 198 2853 et
215 2796 292 2854 Fulr.
308 2796 441 2853 Nobilior.
461 2816 532 2853 coss.
551 2796 688 2874 expeditio
707 2800 735 2852 in
753 2797 879 2855 Africam.
899 2798 994 2859 classis
1011 2804 1157 2858 remeantis
1176 2801 1274 2858 nauhu·

170 2886 248 2960 glum.
268 2903 322 2938 see.
340 2882 399 2940 Liv.
418 2882 517 2938 XVIII.
537 2883 587 2949 (cl.
607 2883 702 2958 Polyb.
720 2883 741 2951 l,
758 2887 793 2940 36
806 2895 833 2941 ct
845 2889 888 2941 37.
906 2896 937 2941 et
955 2887 1068 2964 Eutrop.
1087 2887 1120 2954 ll,
1138 2889 1194 2959 12.)
1224 2889 1274 2958 [tt

169 2988 240 3024 coss.
264 2967 298 3022 ad
317 2966 447 3045 Clupeam
469 2977 557 3022 castra
579 2978 694 3024 metatos
718 2989 778 3024 cum
795 2970 956 3030 Aunonibus
979 2973 1149 3043 conflixisse,
1173 2985 1205 3031 nt
1224 2977 1273 3031 sin·

169 3052 229 3126 gula
253 3050 382 3128 quaedam
405 3051 439 3109 de
460 3055 553 3130 priore
576 3056 655 3110 etiam
678 3075 765 3132 pugna
788 3057 876 3113 navali
895 3057 928 3115 al.
946 3079 1002 3114 non
1020 3063 1151 3136 reperias.
1171 3060 1271 3132 (differ.

168 3160 239 3196 num.
258 3138 391 3208 narium.)
427 3138 546 3196 Amilcar
568 3140 602 3195 ad
619 3141 768 3217 puniendas
787 3141 938 3198 Numidiam
955 3143 1196 3223 llIauritaniamque
1216 3150 1273 3204 mia·

167 3246 224 3294 sus,
242 3228 306 3281 item
325 3225 357 3281 al.
373 3246 427 3281 non
440 3227 595 3295 invenitur]
610 3258 644 3268 -
661 3231 772 3303 pm:
792 3229 868 3285 Serv.
882 3229 987 3308 Caepio
1004 3241 1032 3287 et
1044 3231 1187 3310 Sempron.
1200 3233 1272 3290 Blae·

167 3331 215 3367 sus
239 3330 309 3367 coss.
332 3313 359 3366 in
385 3310 502 3368 Africam
524 3314 699 3387 transgressi;
722 3317 914 3371 revertentium
935 3317 1113 3394 naufragium
1139 3319 1272 3376 decretum

167 3405 197 3452 ut
218 3418 233 3452 a
251 3399 318 3452 mari
336 3397 523 3454 abstineretur.
543 3417 596 3453 sec.
613 3396 674 3454 Liv.
690 3398 804 3456 XVIII?
831 3400 880 3470 (cl.
899 3400 994 3478 Polyb.
1013 3403 1038 3472 I,
1052 3407 1097 3461 39.
1116 3414 1145 3460 et
1161 3406 1270 3483 Eutrap.

166 3481 199 3549 II,
213 3485 276 3549 13.).
296 3514 330 3524 -
354 3481 452 3539 Cottae
474 3485 502 3539 in
522 3482 615 3540 Sicilia
638 3504 683 3540 res
700 3496 799 3560 gestae.
819 3507 872 3543 sec.
891 3487 950 3545 Liv.
967 3489 1083 3548 XVIIII
1107 3491 1161 3562 (cl.
1179 3492 1270 3568 Polyb
1289 3524 1292 3529 ·

165 3566 250 3632 1,39.
275 3578 301 3624 et
323 3566 382 3624 fast.
401 3568 510 3645 capitol.
530 3569 564 3624 ad
582 3591 642 3626 anu.
661 3574 739 3637 501.)
764 3573 838 3641 [non
857 3585 979 3632 accurate
996 3587 1027 3632 ut
1044 3577 1174 3649 ridetur]
1189 3610 1223 3624 -·
1239 3577 1269 3635 Ia.

165 3651 265 3708 Caecil.
283 3652 408 3723 Metello,
433 3654 466 3710 C.
485 3654 568 3710 Furio
586 3655 675 3713 Pacilo
696 3678 767 3714 coss.
792 3657 892 3717 Caecil.
911 3661 1014 3718 Metelli
1037 3673 1130 3719 contra
1155 3664 1270 3722 Asdrub.

164 3736 199 3792 ad
215 3737 376 3796 Panormum
398 3761 442 3797 res
464 3739 579 3797 feliciter
603 3753 700 3817 gestae.
726 3765 779 3800 sec.
798 3744 858 3803 Liv.
877 3747 970 3806 xlx?
998 3747 1049 3819 (ef.
1068 3748 1167 3826 Polyb.
1185 3751 1212 3820 1,
1229 3754 1269 3807 to.

163 3963 245 4018 tionis
269 3962 342 4020 illius
362 3970 523 4025 mentionem
542 3968 623 4038 dicit3
648 3971 698 4028 sed
715 3994 793 4049 quam
810 3972 911 4031 Noster
929 3977 974 4033 hic
992 3977 1026 4033 ad
1044 3999 1066 4034 a.
1083 3999 1108 4034 u.
1128 3981 1183 4035 ⁴94
1200 3978 1267 4048 (259

162 4069 185 4103 a.
205 4047 283 4116 Chr.)
302 4049 398 4120 refert,
418 4075 474 4110 eam
492 4056 608 4113 Zonaras
628 4058 686 4126 (ed.
705 4057 810 4116 Wolfii.
831 4060 948 4118 Tomll.
967 4085 992 4141 p.
1004 4067 1047 4133 77,
1060 4064 1116 4134 57.)
1134 4062 1201 4121 belli
1219 4064 1266 4121 Pu·

160 4135 215 4191 uici
233 4137 372 4194 secundi
390 4149 519 4218 tempore,
538 4164 593 4199 non
611 4143 694 4200 multo
712 4155 773 4202 ante
785 4167 900 4223 pugnam
913 4148 1082 4207 Cannensem
1094 4161 1198 4228 gestam
1209 4151 1266 4208 bre·

160 4221 270 4279 sissima
288 4233 401 4281 enarrat.
437 4225 547 4286 Minime
565 4229 673 4289 eaedem
692 4250 753 4288 esse
770 4243 894 4309 possunt.
