2640 4764
601 175 642 242 15

61 356 226 413 auctoritate
246 353 291 425 (et
307 350 391 408 altera
409 349 443 407 de
456 350 568 407 Antonii
586 349 738 409 Raudensis
756 348 847 425 aliquo
865 367 947 426 opere
963 348 1074 418 inedito,
1092 369 1115 405 c.
1127 346 1173 405 Hi·

61 443 125 500 larii
139 443 256 498 carmine
268 441 297 496 in
309 436 432 495 Natalem
444 436 627 494 lllacbabaeor.
639 435 758 504 matris).
777 434 908 509 blarburg.
919 432 1029 490 Hassor.
1043 437 1119 491 1832.
1137 437 1162 491 8.

136 526 287 585 Levissima
309 545 388 592 sane,
410 525 456 579 vix
479 523 677 580 dissertationis
695 524 803 578 nornine
821 520 898 596 digna
918 519 1086 597 disquisitio,
1108 541 1172 577 non

61 616 150 673 totis
169 632 286 672 novem
304 611 436 689 paginis
459 631 515 666 rem
532 609 671 666 difficilem
689 607 881 676 absolvens,
905 627 1017 684 quarum
1033 618 1172 685 praeterea

60 720 155 777 magna
173 709 251 777 parte
269 718 323 754 non
342 698 395 753 nisi
413 696 467 752 loci
486 717 639 754 communes
656 697 835 752 continentur.

137 797 284 871 [Walcba
306 798 371 854 bibl.
389 800 534 876 patristiea.
557 797 603 867 ed.
623 816 684 854 nov.
703 796 808 867 Daunii.
837 794 917 851 lenae
935 797 1012 852 1834.
1035 797 1060 852 8.
1091 795 1124 852 al.
1142 796 1172 852 ln

60 890 114 946 loo.
134 919 169 929 —
187 888 277 944 notitt.
295 885 412 954 literar]

133 990 264 1045 Ernest.
284 985 439 1043 Grubitz:
463 984 605 1041 emendatt.
625 984 774 1040 Orosianae
796 1003 811 1038 e
834 982 893 1038 cod.
910 981 1036 1039 Portensi
1057 980 1171 1061 aliisque

60 1075 159 1133 lontib.
179 1073 282 1129 ductae.
312 1070 557 1146 Numburgi1835.
578 1076 603 1127 4.
640 1070 824 1146 (programma
843 1067 952 1124 scholae
971 1068 1136 1141 Portensis.)

134 1184 265 1258 Quamvis
283 1180 322 1237 nil
340 1183 394 1236 nisi
412 1181 516 1257 singula
535 1180 651 1246 adferat,
671 1189 760 1234 tumen
777 1177 856 1234 laude
875 1189 902 1234 ct
919 1181 1002 1254 gratia
1020 1179 1099 1254 dignu
1118 1179 1172 1236 col·

59 1272 159 1338 lectio,
185 1289 253 1345 qnae
274 1287 329 1322 non
346 1271 433 1323 solum
452 1277 619 1344 quantopere
635 1267 663 1321 in
683 1264 746 1321 edit.
765 1264 852 1320 adhuc
870 1263 1096 1342 Havercampiana
1114 1287 1172 1322 cor·

60 1365 161 1435 ruptus
185 1357 221 1410 sit
239 1353 334 1410 Orosii
352 1362 442 1410 textus
460 1352 639 1420 demonstrat,
661 1352 852 1410 verumetiam
868 1350 960 1408 multis
977 1350 1045 1408 locis
1064 1352 1172 1408 medici·

60 1463 123 1499 nam
142 1439 306 1519 suppeditat.

152 1602 235 1666 Sunt
263 1608 367 1663 autem
396 1601 430 1663 iu
458 1600 622 1662 recensitis
652 1600 781 1661 nomina
804 1598 954 1684 plurium,
983 1600 1037 1683 qui
1060 1598 1171 1663 Orosii

60 1715 118 1770 aut
146 1703 187 1767 ad
217 1702 353 1767 eundem
378 1704 602 1788 pertinentium
625 1703 810 1778 meminere3
839 1722 972 1787 quorum
994 1711 1114 1787 partem
1139 1711 1171 1766 et

60 1811 96 1873 in
120 1806 276 1892 opusculo
300 1815 413 1871 nostro
437 1809 580 1870 invenies
603 1809 667 1870 suis
690 1808 723 1869 in
745 1803 839 1883 locis,
861 1815 982 1892 partem
1005 1827 1071 1870 non
1095 1826 1170 1870 con-

60 1913 160 1998 spexi,
182 1919 301 1996 partem
326 1907 463 1994 denique
485 1908 550 1973 vidi
573 1909 708 1994 quidem,
731 1909 788 1973 sed
809 1908 952 1973 inutilem
967 1921 1053 1974 ratus
1069 1908 1108 1974 de
1124 1912 1170 1973 in-

63 2014 183 2078 dustria
206 2034 273 2077 non
298 2011 422 2076 adduxi.
459 2014 627 2077 Praeterea
650 2035 708 2099 per
731 2013 857 2077 saecula
879 2017 931 2077 vix
953 2016 1072 2099 possim
1095 2035 1170 2077 enu-

62 2139 184 2181 merare
208 2139 333 2195 omnes,
357 2119 409 2202 qui
431 2115 484 2181 vel
507 2120 783 2181 commemorarint
804 2119 964 2196 Orosium,
987 2116 1039 2181 vel
1061 2116 1171 2202 prodi-

61 2221 168 2286 derint
188 2221 263 2307 quid
281 2220 321 2284 ad
337 2241 515 2306 personam,
535 2223 640 2299 vitam,
661 2224 778 2306 scripta
796 2224 863 2286 eius
880 2225 1050 2307 pertinens.
1089 2221 1167 2286 Ideo

61 2326 157 2388 etiam
186 2345 266 2408 quae
298 2334 421 2389 exstant
446 2327 480 2388 in
502 2323 697 2410 compendiis
719 2326 871 2389 historiae
892 2329 1109 2390 Romanorum
1133 2324 1170 2389 li-

60 2429 198 2491 terariac
227 2430 332 2508 omisi,
361 2450 455 2514 quum
486 2436 518 2491 et
543 2429 577 2490 in
599 2449 713 2515 magna
736 2429 848 2492 borum
870 2441 961 2515 parte
982 2428 1066 2493 idem
1090 2431 1169 2491 acci-

61 2531 161 2608 derit,
192 2531 279 2616 quod
307 2554 402 2618 supra
426 2531 466 2594 ‹le
489 2534 652 2595 recensitis
675 2533 856 2612 (maximam
878 2543 998 2619 partem
1021 2553 1169 2618 compen-

60 2636 188 2701 diorum
211 2635 374 2714 fontibus)
396 2638 591 2721 praemonui.
629 2636 743 2720 Neque
766 2637 917 2700 historiae
935 2635 1168 2700 ecclesiasticae

61 2749 209 2804 auctores
232 2739 340 2825 plures
363 2737 499 2816 laudavi,
522 2748 675 2824 quatenus
695 2738 847 2803 Orosium
869 2741 933 2802 suis
954 2737 1169 2823 implicuerint

61 2843 306 2919 narrationibus,
329 2846 513 2928 praesertim
537 2864 631 2927 quum
656 2865 735 2928 quae
758 2845 852 2906 istum
874 2843 919 2907 ibi
937 2840 1107 2919 adtineant,
1131 2863 1168 2905 ex

61 2946 174 3011 iisdem
204 2947 360 3010 hauserim
388 2945 529 3011 lontibus
559 2967 650 3030 quam
674 2946 730 3010 illi.
780 2946 881 3031 Quod
902 2967 981 3010 vero
1004 2955 1168 3011 auctorum

63 3072 164 3137 opera
193 3048 285 3136 plura
314 3050 487 3114 secundum
511 3049 651 3113 diversas
675 3048 832 3114 editiones
854 3053 969 3136 passim
991 3052 1098 3128 citavi,
1125 3049 1167 3128 id,

62 3157 119 3239 qui
148 3153 441 3231 animadverterint,
475 3157 659 3240 ignoscant,
693 3153 832 3239 indeque
859 3155 976 3217 factum
1004 3157 1168 3239 accipiant,

61 3257 150 3343 quod
181 3256 368 3342 opusculum
390 3255 536 3320 Berolini
564 3259 738 3343 inceptum,
768 3257 975 3342 quadriennio
1003 3256 1071 3321 fere
1092 3267 1168 3342 post

61 3360 278 3426 Vratislaviae
308 3359 432 3424 domum
462 3360 599 3437 confeci,
630 3363 717 3425 cuius
746 3360 941 3425 bibliotheca
964 3363 1054 3447 regia
1075 3361 1167 3446 plura

61 3464 191 3550 quidem
213 3467 287 3529 mibi
311 3464 547 3551 suppeditavit,
566 3472 671 3528 tamen
693 3486 754 3528 nec
776 3486 871 3549 quae,
893 3486 954 3529 uec
976 3462 1079 3550 qualia
1102 3463 1168 3528 vel-

60 3567 124 3633 lem
148 3573 263 3633 omnia.

150 3672 267 3759 Longe
288 3673 385 3758 igitur
401 3672 518 3751 absum,
541 3680 577 3735 ut
591 3672 736 3735 omnibus
752 3674 890 3737 numeris
905 3669 1086 3736 absolutum
1102 3693 1168 3736 cre-

60 3772 134 3836 dam
164 3774 368 3860 opusculum,
397 3775 484 3860 quod
513 3777 567 3860 qui
589 3779 739 3840 attentius
762 3775 889 3864 legerit,
918 3796 995 3839 sane
1016 3777 1167 3857 inveniet,

59 3887 280 3964 argumentum
305 3881 379 3941 satis
402 3877 532 3943 difficile
556 3878 667 3955 fuisse,
694 3900 796 3964 neque
820 3879 908 3965 quod
929 3881 1057 3944 maioris
1078 3883 1167 3967 inge-

58 3981 106 4042 nii
130 3991 291 4046 exerceret
312 3985 404 4059 vires,
426 3981 600 4069 indignum.
638 3979 790 4065 Quamvis
812 3982 886 4046 ideo
909 4004 1092 4068 persuasum
1113 3985 1166 4048 ha-

58 4081 162 4162 beam,
184 4105 235 4148 me
259 4085 346 4170 quod
368 4088 437 4171 ipse
460 4084 501 4148 de
525 4106 564 4149 eo
587 4088 739 4150 senserim
754 4089 880 4150 minime
895 4098 1071 4152 assecutum
1088 4108 1166 4166 esse,

59 4206 103 4251 ne
133 4186 234 4252 dicam
262 4188 349 4274 quod
376 4192 452 4254 viris
484 4188 586 4255 doctis
614 4192 656 4254 sit
682 4193 796 4269 visum,
825 4201 931 4257 tamen
954 4190 1111 4257 elementa
1133 4200 1166 4255 et
