2640 4764
689 188 752 257 132

164 364 325 422 Archelaum
346 363 495 443 proelium,
518 364 645 442 Eutropii
662 374 727 419 sunt
745 362 780 430 V,
798 365 816 418 3
834 371 862 418 et
879 363 919 428 4.;
941 359 1039 436 quibus
1056 362 1164 441 p.3‘i⁰⁸
1186 381 1201 415 a
1219 381 1268 417 rer·
1311 390 1314 439 Ξ

164 451 207 508 bis
227 452 285 520 „Et
303 450 401 507 factum
418 451 482 506 cst“
500 470 586 526 usque
598 449 631 505 ad
651 448 807 528 „hospitem
819 448 1002 523 cogerentur“
1020 445 1153 524 periodus
1166 449 1268 513 inserta,
1312 448 1314 461 ²

165 559 233 614 quae
251 546 343 615 aperte
360 539 472 613 vestigia
491 538 603 612 August.
623 536 657 592 de
676 539 726 592 civ.
745 536 798 591 Dei
815 533 862 600 lll,
880 538 922 589 22.
941 531 1050 589 indicat.
1084 532 1227 590 Praeterea
1245 533 1269 590 il·

165 623 212 679 lud
236 643 262 699 p.
277 626 337 680 371.
355 624 409 680 l.1.
433 623 625 701 „septemplici
645 641 720 678 muro
739 621 950 676 communitum“
971 618 1005 674 de
1023 618 1148 689 Piraeeo,
1166 619 1200 675 ab
1219 619 1269 675 aliis

167 707 256 778 (Flor.
269 707 314 776 lll,
327 713 357 775 53
374 712 412 766 10.
432 709 502 767 Vell.
515 709 548 774 ll,
561 713 610 775 233
627 709 666 777 3,)
686 705 882 782 quodammodo
900 706 1041 772 firmatum,
1061 705 1216 762 uberiorem
1227 708 1270 760 ian

166 793 261 850 Nostri
278 794 380 851 fontem
398 796 496 873 prodit.
516 795 591 865 (Liv.
610 793 760 858 LXXle)
792 791 914 848 Eundem
932 791 1125 848 animadvertis
1144 794 1173 848 in
1192 795 1271 867 singu·

166 880 201 936 lis
221 879 254 936 de
272 885 405 938 exercitus
418 881 544 938 Archelai
562 890 625 958 post
638 879 755 936 ultimam
769 898 882 954 pugnam
894 879 1005 933 interitu
1018 877 1111 945 dietis,
1130 877 1196 935 alibi
1208 878 1270 934 bunc

167 967 195 1021 in
212 965 320 1026 modum
338 988 392 1023 non
411 966 587 1023 inveniendis.
608 967 678 1035 (sec.
697 964 755 1020 Lis.
775 962 947 1033 Lxxxtlr)

238 1073 263 1129 p.
278 1057 448 1109 371-372.:
471 1053 641 1110 Mithridates
664 1054 692 1106 in
710 1053 791 1106 vitam
813 1059 840 1105 et
858 1049 927 1105 bona
946 1050 1100 1127 principum
1119 1049 1271 1105 Asianorum

168 1138 273 1195 urbium
298 1138 442 1195 crudeliter
464 1142 523 1214 agit.
554 1139 758 1212 [Smyrnaeor.,
781 1133 976 1212 Colophonior.
996 1144 1022 1190 et
1041 1134 1154 1192 Sardor.
1172 1136 1271 1191 uomina

169 1246 209 1303 ap.
229 1223 319 1281 Nostr.
338 1224 402 1295 sol]
425 1245 478 1280 see.
498 1224 555 1281 Liv.
576 1223 593 1279 l.
611 1222 692 1279 modo
711 1222 729 1278 l.

239 1310 408 1367 Mithridates
423 1331 472 1388 per
484 1308 645 1366 Archelaum
663 1329 745 1376 „curn
758 1306 834 1363 Sulla
853 1305 886 1362 de
904 1327 969 1381 pace
980 1309 1116 1384 pepigit“.
1131 1308 1194 1376 ¹⁰⁴)
1212 1305 1272 1363 lirn-

44 1420 50 1427 ‘
168 1396 227 1451 bria
245 1394 370 1452 Flaccum
393 1395 531 1452 consulem
554 1395 585 1450 ad
607 1393 790 1451 Nicomediam
814 1392 928 1459 occidit,
950 1391 1115 1448 Mithridatis
1138 1391 1224 1448 tilium
1244 1391 1272 1447 ad

170 1480 396 1559 Miletopolim
419 1481 506 1557 fugat,
529 1501 616 1556 regem
640 1484 728 1559 ipsum
747 1479 874 1555 Pergamo
893 1477 984 1556 pellit,
1007 1498 1050 1554 ap.
1068 1477 1194 1534 Pitanem
1211 1479 1272 1535 obsi

170 1567 229 1636 det,
252 1590 267 1623 a
285 1567 400 1624 Lucullo
420 1567 525 1640 quidem
544 1587 599 1622 non
618 1566 737 1633 adiutus,
760 1566 837 1622 lliunr
857 1564 943 1632 delet,
965 1563 1065 1642 paulo
1083 1575 1164 1641 post
1182 1566 1271 1621 resti·

169 1662 275 1709 tutum
293 1653 429 1720 aSulla3
448 1674 497 1729 per
515 1673 592 1728 quem
612 1651 646 1707 ad
659 1652 786 1727 Thyatira
806 1651 934 1707 obsessus
947 1648 1064 1706 Fimbria
1083 1671 1115 1706 se
1127 1653 1189 1728 ipse
1200 1652 1272 1707 inter·

169 1738 235 1795 ficit.
260 1760 312 1796 sec.
331 1738 388 1794 Liv.
408 1737 537 1794 LXXXll
555 1749 583 1794 et
600 1736 747 1793 LXXXlll.
775 1739 890 1807 [Omnia
908 1755 958 1815 per
975 1736 1047 1792 hune
1065 1735 1109 1792 vel
1128 1737 1207 1794 illum
1224 1759 1272 1794 eoe-

170 1834 251 1883 teror.
271 1827 375 1901 scriptt.
394 1824 545 1880 firmantur:
571 1843 625 1877 non
646 1825 699 1878 nisi
717 1844 758 1900 ap.
778 1822 870 1878 Nostr.
888 1832 996 1879 exstant
1013 1840 1113 1878 nomen
1130 1824 1207 1882 urbis
1223 1823 1271 1882 lli·

170 1909 349 1989 lctopolis,
369 1919 396 1966 et
414 1909 492 1966 llium
509 1931 524 1964 a
543 1907 618 1964 Sulla
636 1929 699 1965 mox
717 1909 891 1978 restitutum]

241 2019 269 2074 p.
282 1999 361 2053 3734
380 1995 549 2052 Mithridates
568 2016 589 2051 e.
610 1995 732 2050 Sertorio
751 2004 855 2050 tractat.
882 1995 995 2070 [partim
1014 1996 1166 2062 consentit,
1185 1997 1272 2073 partin

172 2083 288 2140 discedit
306 2082 338 2137 ab
358 2080 439 2151 aliis]
461 2115 492 2125 —
518 2080 618 2137 Marius
638 2091 665 2137 et
682 2081 833 2137 Eumachus
851 2081 881 2137 P.
898 2078 1028 2137 Rutilium
1046 2101 1087 2158 ap.
1107 2079 1272 2138 Chalcedona

171 2169 270 2245 fugant.
292 2168 341 2237 [ab
360 2167 459 2223 omnib.
477 2166 532 2223 fere
550 2166 693 2244 discrepat.
722 2167 836 2224 fortasse
854 2167 925 2244 App.
944 2167 969 2224 b.
986 2166 1076 2222 Mithr.
1090 2170 1133 2223 tl.
1152 2167 1219 2244 quid
1235 2169 1272 2222 tri·

171 2254 238 2312 buit.
266 2253 309 2310 Cf.
329 2255 407 2309 etiam
425 2264 480 2310 not.
499 2253 615 2308 Fabricii
634 2253 703 2323 (38)
723 2253 756 2310 ed
775 2254 800 2308 h.
821 2252 915 2310 Orosii
933 2252 968 2322 l.]
993 2274 1048 2310 see.
1067 2251 1128 2309 Liv.
1148 2253 1244 2311 XClll.

241 2338 370 2395 Lucullus
390 2349 482 2394 eontra
501 2338 620 2396 Mithrid.
639 2338 673 2394 ad
692 2339 829 2414 Cyzicum.
849 2371 883 2380 -
907 2338 1024 2394 Fannius
1043 2350 1072 2395 et
1088 2338 1272 2419 Metrophanes

172 2447 187 2480 a
205 2422 337 2480 Mamerco
356 2427 434 2493 victi,
455 2446 481 2502 p.
496 2427 569 2479 374:
594 2426 622 2480 in
639 2425 768 2481 Inarimes
787 2424 910 2481 incidunt
928 2445 1035 2502 campos
1055 2435 1106 2481 ete.
1136 2427 1189 2495 [cf.
1208 2425 1272 2482 Ser·

172 2511 258 2566 vium
281 2509 315 2565 ad
333 2509 426 2585 Virgil.
445 2509 558 2566 Aeneid.
581 2510 633 2579 lx,
652 2513 729 2581 716]
771 2511 916 2568 Deiotarus
940 2510 1092 2589 praefectos
1117 2511 1271 2568 Mithridatis

173 2594 264 2651 vincit.
292 2613 345 2649 sec.
365 2594 425 2651 Liv.
443 2595 543 2652 XCIV.

243 2701 269 2758 p.
282 2681 357 2750 373:
380 2681 563 2751 Mithridates,
586 2681 653 2738 fame
677 2693 704 2738 et
725 2683 819 2739 morbo
842 2685 949 2739 amissis
972 2683 1006 2739 ad
1030 2683 1163 2759 Cyzicum
1187 2687 1270 2763 copiis,

174 2765 240 2822 clam
264 2765 372 2842 aufugit.
391 2800 425 2809 -
448 2767 579 2824 Lucullus
598 2767 709 2824 Marium
729 2771 815 2824 vincit
833 2779 883 2827 etc.
910 2770 1025 2838 [omnib.
1045 2770 1106 2826 eliis
1126 2771 1228 2843 deest]
1245 2801 1270 2814 -

172 2851 296 2908 Eundem
318 2861 411 2929 postea
434 2853 523 2908 navali
546 2852 651 2931 proelio
674 2865 783 2932 superat
802 2864 851 2912 etc.
876 2856 997 2924 [numeri
1019 2859 1127 2914 navium
1145 2858 1269 2916 differunt.

174 2938 206 2994 ef.
225 2937 295 2993 Plut.
314 2936 420 2993 Lucull.
440 2940 495 3006 lu]
519 2970 552 2978 —
575 2939 692 3016 Apamea
711 2950 738 2995 et
755 2940 839 2996 Prusa
859 2952 958 3018 captae.
987 2943 1035 3011 [ut
1053 2943 1163 3001 videtur
1182 2966 1197 3000 a
1214 2943 1270 3021 lega·

174 3026 223 3079 tis:
241 3021 313 3098 App.
331 3022 357 3076 b.
377 3021 411 3078 M.
430 3024 485 3092 72]
510 3021 679 3079 Mithridates
697 3034 857 3102 tempestate
875 3038 1029 3105 correptus,
1053 3049 1133 3104 aegre
1151 3030 1269 3107 Sinopen,
1312 3018 1314 3075 l

173 3117 269 3186 postea
282 3107 403 3163 Amisum
421 3110 551 3184 pervenit.
573 3111 617 3179 [in
637 3110 709 3185 quib.
728 3132 825 3168 nomen
843 3115 946 3191 piratae
963 3114 1045 3182 illius,
1066 3137 1120 3192 quo
1139 3117 1269 3174 adiuvante

175 3193 275 3269 aufugit
293 3214 349 3261 rex,
368 3192 497 3250 aNostro
517 3194 576 3251 solo
595 3206 730 3252 servatum
748 3197 839 3253 habes.
870 3198 904 3254 de
920 3220 1031 3256 numero
1049 3204 1156 3258 navium
1174 3205 1201 3258 in
1218 3213 1269 3259 ten·

174 3289 279 3356 pestate
297 3281 417 3335 amissae.
436 3279 571 3357 discrepet
582 3281 704 3352 Noster]
735 3283 876 3340 Praeterea
887 3286 953 3341 haec
965 3306 980 3340 e
991 3284 1050 3343 Lis.
1061 3287 1148 3346 XCV.
1162 3288 1256 3345 haustu.

244 3362 291 3430 Vl,
309 3367 334 3419 3.
354 3384 379 3441 p.
389 3368 559 3422 ers-372:
584 3366 700 3423 Catilina
719 3370 815 3425 incesti
833 3381 972 3427 aecusatus
990 3381 1041 3429 ete.
1071 3373 1123 3443 [cf.
1144 3374 1202 3432 Cic.
1220 3392 1269 3431 eou-
1311 3340 1314 3397 l

174 3458 216 3504 tra
233 3448 296 3504 Ant.
316 3459 343 3504 et
362 3448 441 3507 Catil.
462 3456 625 3529 competitt.,
649 3464 676 3510 et
692 3455 869 3512 Asconium
893 3456 970 3514 adh.
990 3457 1045 3528 ll.].
1084 3458 1216 3518 Lucullus
1238 3459 1269 3516 Si·
1312 3516 1314 3527 ,

174 3555 264 3613 uopen
283 3534 398 3604 obsidet,
417 3539 605 3615 incensamque
623 3562 638 3595 a
657 3540 842 3597 defensoribus
855 3544 915 3620 ipse
927 3554 1024 3602 servat.
1054 3545 1269 3616 [nominadefer

175 3778 227 3846 bit,
251 3799 330 3854 quum
353 3801 440 3855 neque
462 3804 476 3838 a
495 3782 565 3840 Plut.
583 3786 612 3841 in
630 3784 719 3854 Sulla,
743 3808 830 3864 neque
853 3791 881 3844 in
900 3789 1017 3868 Appiani
1034 3790 1061 3848 b.
1079 3790 1200 3850 Mithrid.
1216 3791 1269 3872 plus

175 3863 243 3920 duae
260 3877 448 3924 memorentur.
720 3882 722 3886 '

245 3968 313 4032 lot)
336 3967 397 4023 Non
416 3980 546 4038 accurate,
564 3990 614 4027 nec
631 3972 696 4028 milri
714 3973 833 4043 dubium,
852 3978 917 4052 quin
935 3975 1052 4035 Orosius
1070 3983 1220 4037 oscitanter
1233 3977 1270 4035 Li·

174 4052 247 4108 vium
263 4050 364 4125 legens,
383 4073 463 4130 quum
481 4058 586 4133 priores
606 4056 639 4112 de
657 4079 724 4135 paee
742 4064 861 4117 actiones
879 4083 929 4140 per
942 4063 1103 4122 Archelaum
1121 4069 1269 4130 invenisset,

174 4137 227 4191 iarn
247 4146 305 4193 tum
327 4158 419 4215 paoem
441 4151 567 4217 pactam
592 4143 718 4214 eredens,
740 4168 788 4202 sua
810 4151 962 4224 scripserit:
986 4159 1014 4206 at
1035 4160 1066 4208 ut
1083 4162 1193 4224 notum,
1215 4157 1270 4232 post

175 4220 307 4279 Fimbriae
325 4243 369 4281 res
386 4224 501 4284 feliciter
517 4239 607 4306 gestas
626 4251 679 4308 pax
697 4231 802 4290 demum
820 4232 881 4294 data
900 4245 942 4294 est
959 4238 1016 4314 regi
1033 4241 1146 4316 petenti.
