2640 4764
640 200 680 266 13

101 409 137 420 -
159 375 275 452 Georg.
295 375 461 432 Cardosoz
485 375 618 452 agiologio
635 373 766 432 Lusitano
784 373 835 430 dos
853 384 937 431 sanct.
957 395 972 430 e
990 388 1104 431 varones
1122 372 1211 439 ilustr,

102 485 147 520 em
164 462 273 520 virtude
291 462 326 518 do
346 465 421 518 reiuo
440 462 474 519 de
492 462 565 519 Port.
585 485 600 518 e
618 483 681 519 suas
699 456 861 538 conquistas.
900 459 998 538 Olisip.
1019 463 1212 517 lota-1666.

100 555 121 607 3
139 559 204 604 tom.
232 547 277 604 fol.
299 581 331 592 -
356 549 388 606 G.
408 548 527 606 lvuiiez
546 549 585 606 de
603 547 746 623 Segovia
764 547 901 616 (marchio
919 547 1152 617 Mondexarens.):
1172 547 1212 603 di·

101 638 271 694 sertacioues
295 635 390 692 eccles.
409 657 461 713 por
483 635 508 691 el
531 635 619 690 bonor
639 632 734 689 delos
753 635 833 709 antig.
851 633 979 690 tutelares
997 644 1089 690 contra
1107 633 1149 690 las
1166 633 1213 689 fic·

102 727 174 780 cion.
196 721 346 778 modernas.
382 721 586 797 caesaraugust.
609 722 686 778 1691.
713 718 760 777 101.
790 753 822 764 -
855 719 907 776 Ph.
928 718 972 776 La
996 718 1157 775 Gandara:
1186 719 1212 774 el

103 813 180 868 cisne
198 806 355 877 occidental,
374 828 425 884 que
438 817 514 863 canta
527 807 567 863 las
580 806 680 884 palmas
693 828 712 883 y
723 806 839 863 triunfos
852 806 931 862 ecles.
946 806 979 862 de
992 806 1103 865 Galicia.
1133 809 1211 864 1677.

101 902 120 951 2
140 906 204 951 tom.
222 923 258 934 -
282 893 314 951 G.
334 895 467 951 Estazo:
491 896 578 949 varias
596 892 763 969 antiguedad.
783 894 817 950 de
835 891 970 968 Portugal.

177 980 285 1037 Titulos
304 980 360 1036 fere
379 1000 471 1036 omnes
489 982 536 1036 vix
554 982 726 1055 consignatos
745 1000 786 1057 ap.
805 978 865 1036 Nic.
885 979 947 1034 Ant.
966 977 983 1034 l.
1002 977 1021 1035 l.
1040 999 1073 1035 ex
1091 977 1212 1035 eiusdem

102 1066 171 1124 bibl.
183 1065 261 1143 Hisp.
275 1086 339 1122 nov.
356 1065 490 1122 subiunxi.
528 1065 586 1122 Nec
603 1069 685 1142 magis
704 1065 770 1132 vidi,
789 1065 861 1142 quod
879 1065 927 1121 ille
943 1063 1046 1120 laudat:
1065 1064 1212 1121 chronicon

88 1154 258 1227 (historiar.
277 1154 394 1207 omnium
412 1154 650 1229 repercussiones)
670 1151 760 1208 lacobi
778 1151 846 1207 Phil.
864 1152 1031 1226 Bergomatis
1049 1152 1119 1222 (nat.
1132 1153 1212 1219 1434,

101 1250 182 1298 mort.
203 1237 298 1307 1520).
336 1236 377 1293 Cf.
398 1239 476 1294 etiam
494 1248 561 1294 nott.
580 1243 597 1293 2
617 1249 644 1293 et
662 1241 697 1292 10
714 1236 748 1293 ad
766 1241 813 1295 vit.
833 1238 914 1295 Oros.

175 1344 352 1401 Batonius:
377 1342 462 1399 annal.
482 1343 579 1400 eccles.
601 1363 661 1400 eum
680 1345 772 1399 critice
792 1342 889 1419 Pagii.
913 1343 947 1400 ad
965 1364 1024 1399 ann.
1043 1344 1212 1398 414-417.

102 1430 251 1490 Tomvll.
280 1427 370 1486 Lucae
389 1432 465 1486 1741.
488 1429 534 1487 lol.
558 1429 663 1509 plurim.
682 1428 734 1486 loc.

174 1517 317 1590 Insignem,
336 1525 366 1571 ut
384 1525 498 1584 constat,
516 1526 599 1571 actor.
613 1514 707 1572 eccles.
722 1515 909 1572 collectionem
921 1517 1068 1584 continent,
1087 1513 1212 1591 adquam

102 1624 156 1663 nos
175 1622 283 1680 quoque
301 1605 398 1659 iterum
415 1604 564 1678 iterumque
582 1622 757 1659 recurremus.
794 1601 837 1658 Cf.
855 1601 902 1658 inf.

176 1709 304 1766 Henric.
325 1707 363 1763 de
386 1705 500 1763 Neris:
526 1707 591 1763 bist.
609 1707 749 1783 Pelagiana
773 1718 800 1763 et
823 1707 887 1764 diss.
907 1707 941 1764 de
964 1708 1069 1783 syuodo
1088 1706 1112 1761 V
1136 1726 1213 1762 oecu-

102 1799 217 1864 menica,
235 1797 264 1851 iu
283 1815 334 1870 qua
353 1793 474 1868 Originis
493 1804 520 1850 et
539 1792 677 1850 Theodori
695 1793 881 1870 Mopsuesteni
898 1794 1033 1870 Pelagiani
1052 1795 1152 1849 erroris
1171 1813 1214 1848 au·

103 1895 172 1942 ctor.
193 1885 262 1939 iusta
286 1879 421 1936 damuatio
443 1881 588 1958 exponitur
611 1890 638 1936 et
656 1880 822 1957 Aquileiens.
841 1881 958 1937 schisma
980 1879 1144 1936 describitur
1161 1888 1212 1936 etc.

102 1971 156 2028 Ed.
176 1989 237 2025 nov.
262 1967 295 2022 ab
318 1968 379 2042 ipso
404 1976 471 2022 auct.
495 1987 567 2023 nuuc
588 1965 693 2044 plurim.
713 1965 868 2044 locupletat.
887 1966 912 2024 V
936 1966 1071 2023 eruditiss.
1091 1966 1212 2022 dissertt.

105 2058 170 2113 bist.
204 2054 319 2110 Levauii
337 2056 413 2108 1702.
433 2051 478 2109 101.
545 2123 548 2129 ,

175 2140 235 2197 Lib.
247 2140 267 2196 l.
290 2160 315 2196 c.
326 2143 351 2196 7.
374 2159 401 2216 p.
411 2141 447 2194 28
459 2158 518 2215 sqq.
555 2137 599 2196 ef.
617 2149 673 2196 not.
686 2141 729 2195 34.
748 2139 782 2196 ad
800 2142 848 2196 vit.
868 2139 969 2196 Orosii.

177 2244 372 2302 Tillemont:
392 2247 468 2300 mem.
488 2265 557 2323 pour
575 2247 663 2301 servir
680 2249 695 2300 h
713 2245 793 2302 l'hist.
813 2244 876 2302 eccl.
896 2244 930 2300 de
948 2247 991 2301 six
1008 2265 1091 2322 prem.
1105 2243 1211 2301 siecles.

105 2337 231 2412 (saepius
255 2330 386 2386 laudatur.
423 2331 466 2386 Ad
491 2330 620 2387 Nostrum
642 2335 790 2410 spectantia
813 2329 889 2387 Tem.
902 2330 971 2387 Xlll.
991 2333 1087 2408 poto.
1108 2340 1213 2387 exstare

104 2424 244 2487 dicuntur,
269 2438 336 2493 quae
358 2416 480 2493 equidem
498 2428 586 2472 tamen
603 2437 657 2473 non
675 2438 734 2473 sum
754 2427 950 2493 consequutus,
974 2438 1056 2494 quum
1073 2417 1138 2473 bibl.
1157 2436 1212 2492 reg.

104 2506 218 2568 Vratisl.
235 2505 344 2560 nonnisi
361 2505 467 2580 priores
486 2505 576 2580 operis
595 2513 685 2581 partes
704 2503 846 2581 possidere
864 2503 1013 2575 videatur.)

177 2611 367 2668 Fabricius:
390 2607 467 2664 bibll.
486 2607 556 2665 Latt.
575 2608 627 2665 vid.
648 2608 695 2665 inf.

177 2716 267 2773 Remi
287 2713 444 2771 Ceillicr:
461 2714 524 2770 bist.
536 2713 659 2790 generale
677 2713 724 2769 des
737 2723 846 2769 auteurs
857 2713 948 2770 sacres
961 2723 989 2769 et
1001 2713 1095 2770 eccles.
1127 2713 1212 2769 Paris.

107 2807 179 2862 1723
197 2823 258 2878 sqq.
285 2804 309 2857 4.
341 2800 498 2858 Tom.XlV.
518 2805 581 2877 p.l.
609 2821 664 2856 non
680 2798 743 2857 vidi.
1029 2813 1032 2817 ’

177 2895 311 2954 lloreri:
330 2894 459 2950 dictionu.
471 2894 630 2971 historique.
650 2917 665 2950 a
677 2893 773 2970 Baylio
786 2892 856 2951 laud.
869 2914 965 2972 parare
976 2893 1041 2950 mihi
1053 2912 1108 2949 uon
1119 2895 1205 2971 potui.

178 2988 293 3064 Bayle:
317 2987 447 3044 dictionu.
459 2987 521 3043 bist.
541 2998 568 3044 et
586 2990 707 3064 critique.
734 2984 798 3042 51131Ε
815 2987 857 3044 ed.
871 3009 961 3056 revue,
979 2989 1099 3063 corrigie
1113 2997 1141 3043 et
1152 3007 1215 3063 aug-

107 3080 222 3145 mentes,
243 3097 283 3132 av.
302 3074 328 3130 la
346 3076 389 3130 vie
407 3074 441 3131 de
458 3072 529 3132 l’aut.
547 3095 596 3152 par
613 3073 662 3131 tlr.
681 3073 716 3130 de
732 3073 876 3131 lllaizeaux.
909 3073 1043 3131 Amsterd.
1064 3077 1140 3131 1740.
1167 3073 1214 3130 101.

107 3166 184 3223 Tom.
196 3162 242 3220 lll.
265 3183 292 3239 p.
305 3163 356 3217 547
375 3181 416 3236 sq.

177 3251 221 3306 Ex
238 3245 330 3303 indole
348 3247 438 3323 operis
457 3249 499 3303 sui
516 3256 619 3302 tautum
638 3245 748 3303 mendas
766 3256 929 3302 antecessor.
948 3244 1092 3320 redarguit,
1109 3244 1155 3302 vel
1166 3264 1215 3323 po·

108 3341 164 3396 tius
181 3336 215 3392 ab
233 3333 293 3390 aliis
311 3332 466 3408 redargutos
485 3333 594 3408 collegit
611 3331 762 3389 nonnullas.

181 3428 265 3486 Guil.
285 3428 386 3488 Cave:
409 3429 534 3505 scriptor.
549 3426 614 3483 eccl.
628 3426 690 3482 hist.
702 3425 801 3482 literar.
815 3446 830 3481 a
843 3424 907 3482 Chr.
920 3435 974 3482 nat.
989 3445 1075 3502 usque
1092 3425 1126 3481 ad
1144 3445 1214 3482 saec.

109 3516 175 3574 XIV
194 3526 244 3572 etc.
258 3526 317 3584 ete,
336 3514 377 3572 ed.
390 3515 490 3570 noviss.
511 3512 543 3568 ab
562 3522 631 3568 auct.
650 3513 766 3591 ipsomet
783 3522 845 3567 ante
863 3512 928 3568 obit.
940 3530 1047 3586 recogn.
1066 3521 1094 3567 et
1111 3512 1214 3568 auctior

110 3603 187 3660 lacta.
217 3601 389 3659 Βο011.1741.
413 3599 459 3656 fol.
489 3598 598 3655 Toml.
625 3619 652 3675 p.
662 3601 715 3655 393
727 3617 767 3673 sq.

180 3696 200 3752 l.
219 3694 252 3752 N.
271 3695 447 3751 Funccius:
468 3692 501 3748 de
518 3711 575 3767 seg.
589 3689 633 3748 lat.
648 3691 711 3767 ling.
723 3701 822 3748 senect.
849 3690 981 3767 llarburg.
996 3693 1073 3747 1744.
1092 3695 1116 3746 4.
1144 3689 1213 3747 Vlll.

111 3783 134 3852 §.
147 3783 270 3837 83-91.
298 3782 493 3858 pora-826.

181 3867 305 3940 Diligens
328 3869 395 3922 satis
417 3873 593 3940 accurataque
614 3862 739 3919 collectio
757 3867 873 3921 omnium
892 3861 961 3930 fere,
984 3882 1052 3938 quae
1070 3884 1084 3917 a
1101 3863 1214 3939 priorib.

111 3953 146 4010 ad
164 3956 281 4009 auctoris
300 3974 385 4029 usque
402 3964 509 4030 tempus
527 3950 561 4006 de
580 3949 680 4006 Oresio
699 3960 727 4006 et
744 3951 778 4006 ad
796 3971 855 4007 eum
871 3949 1022 4028 pertineub.
1042 3958 1117 4004 erant
1134 3949 1214 4018 dicta,

110 4038 246 4115 hodieque
263 4058 319 4094 non
335 4039 445 4096 inutilis.

182 4132 202 4189 l.
221 4133 254 4188 A.
273 4131 460 4189 Fabricius:
482 4130 547 4187 bibl.
566 4128 625 4187 Lat.
643 4129 712 4186 med.
732 4130 823 4186 etinf.
841 4130 936 4186 aetatis
955 4151 976 4187 c.
996 4127 1127 4206 supplem.
1147 4127 1214 4184 Chr.

112 4217 271 4295 Schdtgeuii
287 4216 330 4275 ed.
342 4217 427 4276 lllausi
445 4228 494 4276 etc.
525 4216 628 4274 Patavii
645 4220 722 4276 1754.
746 4221 770 4274 4.
801 4215 877 4274 'lom
888 4215 920 4273 V.
943 4236 969 4293 p.
982 4215 1137 4271 174-178.
