2640 4764
578 149 747 223 ,8.

103 347 170 392 mas
198 347 319 405 rerum,
348 327 511 411 totiusque
540 328 648 411 operis
677 334 883 412 conspectum
912 323 1107 411 procedens,
1136 325 1212 391 talia

104 451 231 517 quoque
260 429 375 495 iudicio
406 453 444 495 ex
464 429 519 494 illa
543 439 622 494 orta.
676 430 741 496 Sed
764 452 824 495 nec
847 428 987 517 singula,
1016 450 1122 515 neque
1144 433 1213 494 uni-

103 533 239 599 versalia
271 544 326 599 aut
350 532 390 597 de
413 555 463 612 re,
493 544 548 598 aut
571 533 611 599 de
634 556 773 620 persona
795 543 931 620 possunt
953 532 1110 619 praebere
1131 533 1214 598 iudi-

105 642 200 703 cium:
230 636 390 724 hodieque
414 637 511 717 deest,
537 640 592 723 qni
614 641 736 718 iustam,
757 638 876 724 ubique
900 639 1001 703 causis
1024 639 1213 701 innitentem

104 741 146 807 de
169 723 291 809 Orosio
315 740 422 806 tulerit
445 744 642 806 sententiam.
659 744 702 823 ²⁰)

194 845 295 911 Cuius
319 867 495 933 congerere
511 844 667 910 clementa
683 848 816 933 primum
832 843 1045 922 intendebam,
1069 842 1145 907 dein
1161 842 1216 907 de-

104 959 290 1028 monstrare,
313 953 366 1035 qui
388 948 464 1013 inde
484 959 604 1014 rectum
620 954 723 1037 possit
737 950 810 1014 fieri
824 948 973 1013 iudicium
990 946 1030 1011 dc
1046 949 1214 1032 scriptore.

105 1054 199 1139 Quae
227 1063 264 1118 ut
292 1073 493 1138 exsequerer,
523 1076 619 1139 quum
640 1058 674 1118 in
695 1055 802 1120 fontes
826 1056 893 1117 eius
916 1055 1088 1138 praecipue
1111 1052 1216 1135 iuqui-

105 1157 238 1221 rendum
263 1177 334 1220 esse
356 1155 505 1236 viderem,
530 1169 659 1222 coactus
681 1157 773 1245 plura
795 1159 856 1220 iarn
880 1155 941 1219 alia
965 1154 1005 1219 ad
1027 1165 1136 1241 partes
1160 1175 1216 1218 vo

106 1283 188 1341 care,
212 1263 264 1347 qui
288 1262 416 1324 nonnisi
440 1259 480 1325 de
504 1261 647 1326 fontibus
671 1271 704 1325 et
727 1263 917 1325 auctoritate
940 1261 1052 1325 Orosii
1075 1256 1216 1322 scribere

105 1365 181 1429 mihi
203 1385 443 1450 proposueram,
471 1386 544 1429 mox
568 1365 608 1429 de
631 1369 706 1445 vita,
729 1367 855 1451 scriptis
879 1373 912 1428 et
934 1362 1079 1427 doctrina
1103 1360 1216 1427 Orosii

106 1467 263 1533 disserere
287 1479 420 1534 conatos
443 1491 520 1534 sum.
560 1470 603 1533 At
625 1492 719 1555 quum
744 1467 938 1556 aggrederer
960 1488 1011 1532 res
1033 1467 1096 1529 buc
1118 1467 1217 1550 perti-

105 1582 219 1637 nentes
243 1582 274 1637 et
296 1572 499 1661 colligerem,
522 1584 616 1658 atque
640 1583 825 1661 argumenta
842 1592 1059 1658 segregarem,
1081 1589 1217 1633 necesse

108 1697 178 1740 esse
200 1696 274 1739 mox
295 1677 445 1756 intellexi,
468 1687 602 1764 propter
625 1675 772 1762 opusculi
794 1686 902 1761 partes
925 1679 958 1739 in
979 1673 1218 1750 diversissimas,

108 1778 324 1858 difficillimae,
350 1803 367 1844 a
392 1785 496 1866 capite
519 1783 627 1866 operis
651 1780 857 1843 alienissimas
881 1779 1000 1843 abirem
1024 1778 1219 1864 disquisitio-

106 1905 173 1948 nes.
231 1885 342 1969 ltaque
377 1884 524 1970 analysin
561 1885 866 1948 commonitorii
897 1892 929 1946 et
958 1881 1220 1968 apologetici

107 1997 249 2051 contra
271 1986 478 2074 Pelagium
502 1991 563 2051 iam
586 1987 781 2063 inchoatam,
805 1998 898 2071 atque
920 1987 980 2050 bac
1002 1995 1035 2049 et
1058 1987 1220 2071 quaestio-

107 2089 203 2154 nibus
225 2091 627 2155 historico-ecclesiasticis
652 2100 684 2154 et
707 2091 896 2177 dogmaticis
917 2089 1026 2154 fultam
1046 2092 1220 2176 expositio-

108 2216 179 2258 nem
211 2193 376 2258 doctrinae
399 2196 511 2259 Nostri
538 2197 618 2258 cessi
641 2193 709 2270 alii;
737 2196 923 2281 praesertim
947 2216 1041 2279 quum
1066 2194 1105 2258 ab
1130 2195 1219 2257 hisce

108 2301 211 2362 minus
233 2295 398 2362 videretur
422 2297 664 2383 exspectandum
689 2308 719 2362 ct
743 2296 902 2382 equidem,
929 2297 1027 2384 paulo
1051 2308 1127 2383 post
1149 2297 1220 2361 lon-

109 2422 184 2490 gum
212 2404 245 2464 in
274 2411 397 2486 tempus
428 2402 597 2466 destitutus
628 2402 774 2466 omnibus
804 2402 902 2465 ferme
933 2401 1094 2466 literarum
1117 2399 1221 2465 subsi-

110 2505 178 2583 diis,
200 2506 253 2568 vix
275 2515 382 2589 aptum
406 2503 489 2590 quid,
513 2526 554 2568 ne
577 2503 678 2568 dicam
703 2505 849 2569 omnibus
872 2509 1012 2569 numeris
1028 2503 1220 2580 absolutum,

111 2609 368 2694 composuissem.
407 2609 488 2673 illibi
511 2611 620 2694 potius
636 2630 713 2694 prae
730 2610 862 2673 caeteris
885 2609 1134 2685 „historiarum“
1157 2611 1221 2671 ori-

109 2716 224 2802 ginem,
247 2723 431 2799 argumenta
456 2724 487 2777 et
510 2714 650 2791 formam,
673 2716 985 2798 praesertimautem
1008 2711 1134 2775 illarum
1148 2712 1221 2775 fon-

110 2827 158 2880 tes
181 2815 422 2902 investigandos
446 2837 516 2880 esse
539 2816 716 2894 censebam,
739 2838 833 2902 quum
856 2819 917 2880 nisi
940 2816 988 2889 bis
1006 2814 1221 2878 omnibusne

111 2921 305 2983 curatissime
329 2921 481 2996 excussis,
509 2922 617 3004 quanti
640 2929 673 2983 et
695 2919 821 3007 singula
845 2919 884 2982 ab
909 2920 1029 2983 Orosio
1052 2919 1148 2982 nobis
1172 2940 1221 2982 rc-

111 3023 185 3086 licta
215 3031 247 3085 et
276 3031 376 3085 totum
404 3022 605 3087 historiarum
635 3045 717 3108 opos
747 3026 811 3086 sint
840 3020 1048 3099 aestimanda,
1076 3025 1158 3085 iuste
1190 3031 1222 3086 et

111 3136 198 3189 recte
220 3126 359 3212 perspici
382 3146 449 3189 non
471 3148 567 3212 posse
590 3125 818 3214 intelligerem,
840 3147 901 3190 nec
923 3126 1093 3212 quidquam
1117 3147 1222 3190 rerum

111 3232 240 3294 istarum
263 3231 447 3315 praestitum
471 3229 622 3293 viderem.
660 3230 871 3317 Permaguum
892 3251 969 3293 sane
984 3228 1136 3293 volumen
1153 3238 1223 3293 erat

112 3354 217 3397 rerum
239 3330 553 3416 perscrutandarum,
578 3335 679 3397 mains
702 3333 770 3397 lere
794 3334 913 3412 earum,
942 3355 1023 3419 quae
1048 3333 1221 3418 adportes

115 3445 204 3500 erant
225 3431 398 3499 vocandae.
438 3435 629 3521 Ubicunque
653 3448 756 3502 autem
772 3440 907 3523 primurn
922 3436 1117 3502 inveniendo
1135 3438 1222 3503 Oro·

183 3638 237 3709 20)
256 3638 338 3714 Quod
355 3638 418 3717 plus
436 3640 524 3695 minus
544 3639 578 3697 de
593 3642 726 3711 omnibus,
744 3652 773 3699 et
784 3661 852 3717 quos
864 3643 997 3697 nominavi
1010 3652 1038 3698 et
1050 3663 1117 3719 quos
1132 3645 1221 3712 omisi,

114 3727 197 3782 statui
220 3725 307 3780 dehet.
350 3724 445 3801 Neque
463 3725 561 3800 Heynii
585 3727 619 3784 de
636 3740 730 3786 nostro
749 3728 876 3785 iudicium
900 3730 1009 3804 (opusc.
1028 3728 1154 3785 Academ.
1174 3729 1221 3787 Vl.

114 3833 141 3889 p.
155 3814 227 3878 130.)
246 3809 405 3877 collaudem,
423 3830 505 3886 quum
523 3812 653 3890 philologi
668 3817 759 3892 potius
772 3816 808 3868 sit
820 3834 898 3889 quarn
909 3813 1041 3869 historici.
1055 3847 1088 3856 -
1107 3815 1222 3872 Axioma

115 3896 183 3952 illud
200 3906 264 3975 post
275 3895 453 3952 Niebuhrium
465 3899 622 3974 saepissime
633 3903 766 3967 iteratum,
784 3918 895 3955 necesse
908 3919 968 3955 esse
980 3899 1126 3958 historicus
1141 3905 1222 3957 etiam

115 3983 152 4038 sit
169 3981 331 4058 philologus,
349 3985 449 4039 maiore
461 3985 655 4061 propemodum
667 3988 724 4042 iure
736 3986 834 4041 inverti
846 3994 947 4062 potest,
965 4005 1077 4041 neeesse
1090 4007 1151 4043 esse
1162 3987 1222 4065 plri-

115 4067 220 4144 lologus
238 4069 274 4125 sit
292 4067 444 4127 historicus.
