2640 4764
589 234 653 302 179

63 410 175 477 Orosii
198 409 245 474 de
268 410 520 491 (h)ormesda
542 415 610 477 sive
632 412 875 494 (h)ormesta
898 415 968 478 sive
986 413 1170 496 (b)ormi-

62 525 124 579 sta
146 514 281 579 mundi
303 514 401 595 (alias
425 519 518 580 etiam
539 518 821 596 hormestumi)
844 515 970 605 legitur.
1014 518 1051 582 ln
1066 518 1169 583 verbo
1199 516 1202 525 '

61 621 160 707 igitur
181 619 384 699 hormista,
408 642 490 705 quae
512 624 580 686 eius
603 620 794 709 significatio
817 621 870 685 vel
894 619 1062 708 explicatio
1079 631 1170 702 esset,

62 721 269 787 dilucidando
293 720 484 789 laborabant
504 728 563 788 viri
587 726 682 791 docti.
720 724 784 789 lam
807 725 835 788 si
858 723 1011 810 aliquanti
1026 724 1171 790 feceruut

61 848 137 906 rem,
166 829 382 911 respexissent
403 850 535 893 necesse
559 840 633 907 erat,
661 829 761 915 qualis
785 840 870 893 esset
891 826 1004 893 titulus
1025 827 1170 893 codicum

61 928 268 1015 plurimorum
291 953 328 995 ac
348 934 643 1011 vetustissimorum,
665 932 741 997 dein
764 932 889 1018 qualem
907 931 1082 1018 proderent
1098 951 1170 995 eum

61 1043 117 1098 aut
137 1033 323 1099 viderentur
344 1034 483 1121 prodere
507 1039 687 1122 scriptores,
710 1036 858 1101 omnibus
873 1038 986 1101 Nostri
1005 1034 1171 1100 codicibus

61 1140 254 1202 vetustiores
282 1148 377 1225 atque
401 1142 494 1203 etiam
516 1143 723 1204 recentiores.
774 1138 1013 1226 Aliquantulum
1035 1139 1171 1203 fortasse

63 1264 82 1304 a
111 1245 302 1306 coniecturis
331 1243 565 1309 abstinuissent.
615 1245 698 1308 Nam
721 1242 893 1308 Gennadio
923 1243 996 1307 libri
1024 1251 1099 1307 sunt
1125 1242 1171 1306 hi-

62 1348 229 1410 storiarum
252 1346 471 1426 verisimiliter,
496 1347 628 1413 Gelasio
651 1347 782 1410 historia
805 1346 955 1412 adversus
970 1368 1172 1435 paganorum

62 1449 243 1528 calumnias,
272 1450 422 1515 Freculio
445 1453 638 1515 Lexovieirsi
660 1448 811 1514 adversus
834 1459 947 1537 gentes
969 1450 1050 1528 libri,
1077 1450 1172 1514 Gott-

62 1553 147 1617 frido
159 1552 355 1617 Viterbiensi
378 1559 391 1634 (
400 1580 430 1641 p.
443 1556 529 1619 XVI.
546 1579 577 1640 p.
589 1555 666 1619 278.
683 1576 732 1638 ap.
743 1554 859 1617 Pistor.
877 1553 926 1618 ed.
940 1554 994 1618 lll.
1012 1556 1104 1618 Tom.
1116 1554 1171 1634 II.)

61 1657 247 1743 simpliciter
270 1658 432 1738 chronica,
455 1669 490 1723 ut
513 1663 606 1723 etiam
629 1657 713 1736 aliis,
737 1667 796 1720 etc.
810 1660 837 1735 7)
882 1659 1004 1722 Primus
1028 1657 1170 1736 forsitan,

63 1765 117 1847 qui
140 1771 313 1826 ormesta
336 1764 467 1827 verbum
490 1784 660 1848 usurpasse
682 1759 822 1840 videtur,
853 1762 1029 1827 Ordericus
1052 1759 1170 1825 Vitalis

63 1875 126 1944 est,
153 1866 273 1931 saeculi
301 1865 461 1929 undecimi
490 1869 558 1931 sive
588 1864 771 1930 duodecimi
793 1865 967 1929 monachus
990 1864 1171 1929 Benedicti-

62 1992 137 2048 nus,
160 1973 194 2034 in
216 1971 347 2033 historia
368 1991 426 2034 sua
449 1968 562 2034 eccles.
586 1972 636 2048 (5.
660 1994 690 2055 p.
704 1969 779 2034 558.
795 1991 858 2032 sec.
874 1969 928 2033 Du
945 1967 1059 2057 Gange
1075 1968 1171 2034 Glos-

62 2097 122 2138 sar.
145 2072 178 2138 ll.
202 2073 284 2137 inira
307 2071 503 2154 laudandis).
564 2071 722 2138 Codicum
750 2075 900 2159 princeps
929 2074 1172 2158 (Havercampii

62 2177 269 2242 Florentiuus
292 2179 430 2262 primus)
453 2180 544 2241 initio
568 2176 709 2256 mutilus,
731 2180 807 2241 item
830 2173 899 2252 alii3
930 2175 1063 2241 aliorum
1086 2175 1171 2240 tituli

62 2284 199 2359 variant,
227 2279 370 2365 plurimis
398 2281 545 2367 improba
575 2302 637 2345 vox
665 2280 762 2366 plane
792 2279 895 2358 deest,
908 2281 935 2361 Β)
964 2302 1025 2345 nec
1053 2282 1115 2344 nisi
1137 2283 1172 2344 iu

62 2386 294 2450 recentioribus
322 2389 484 2449 maximam
507 2396 639 2471 partem,
669 2407 710 2449 ue
733 2384 836 2448 dicam
857 2386 1081 2450 recentissimis
1104 2393 1171 2448 tan-

63 2501 129 2553 tum
150 2512 222 2553 mss.
244 2487 371 2553 videtur
392 2500 523 2554 exstare.
1032 2484 1034 2488 ¹

151 2591 272 2657 Aderat
293 2603 398 2657 tamen
421 2593 553 2657 verbum
574 2590 680 2668 fatale,
701 2609 761 2653 nec
784 2588 974 2654 destiterunt
996 2599 1050 2654 aut
1068 2590 1107 2654 ab
1124 2592 1170 2654 in-

62 2695 258 2781 terpretandi
287 2707 404 2761 conatu
435 2707 489 2761 aut
518 2720 535 2759 a
564 2691 777 2780 recoqueudis
804 2692 938 2757 aliorum
962 2696 1168 2770 coniecturis3

64 2804 180 2867 etenim
209 2803 350 2865 omnium
378 2800 447 2864 fere
469 2802 493 2864 l.
516 2798 558 2864 G.
579 2798 716 2862 'Vossius
745 2796 848 2874 solus,
879 2818 971 2880 quam
994 2801 1085 2883 parvi
1106 2818 1170 2862 vox

62 2910 122 2970 ista
143 2927 254 2969 revera
278 2907 319 2968 sit
340 2902 526 2990 pendenda,
552 2903 752 2988 perspexisse
773 2900 913 2978 videtur,
936 2904 996 2964 etsi
1018 2902 1070 2965 hic
1091 2922 1170 2987 quo·

63 3031 125 3095 que
147 3007 320 3074 nonnullas
343 3011 541 3073 coniecturas
564 3006 783 3093 proposuit.⁰)
827 3004 980 3084 Atride,
1005 3003 1168 3090 quomodo

63 3135 130 3176 rem
152 3133 240 3175 suam
262 3115 428 3196 gesserint.
441 3113 482 3189 ιο)

134 3324 168 3388 7)
188 3319 231 3376 Cf.
250 3318 333 3396 prael.
352 3329 436 3375 nostr.
454 3317 492 3396 pl.
511 3320 537 3374 iu
557 3317 608 3374 loc.
632 3327 660 3373 et
679 3337 745 3394 prae
763 3318 876 3373 caeteris
894 3314 952 3373 Nic.
972 3315 1072 3373 Autan.
1090 3318 1113 3387 ᾖ.
1129 3320 1168 3372 11.

65 3428 91 3484 p.
104 3410 160 3466 180.
171 3417 238 3475 vet,
261 3410 315 3464 238
333 3405 374 3462 ed.
393 3426 455 3463 nor.

135 3491 169 3563 8)
189 3493 235 3550 Sic
254 3496 332 3549 etiam
350 3495 379 3549 in
397 3491 456 3548 cod.
468 3491 593 3547 Portensi
613 3490 700 3560 (saec,
713 3489 785 3558 Xll.)
804 3489 972 3546 aGrubitzio
986 3487 1092 3544 collato.
1119 3488 1169 3544 Sin

64 3579 263 3636 llontlaueonio
281 3579 369 3657 aliqua
387 3578 457 3635 fides
474 3579 503 3634 in
521 3575 633 3632 edendis
651 3595 714 3631 mss.
734 3575 857 3632 codicum
874 3574 971 3644 titulis,
990 3594 1055 3630 saue
1066 3576 1170 3651 paucis·

65 3667 125 3721 simi
146 3685 211 3742 prae
230 3665 367 3722 scierunt
385 3663 453 3720 illud
470 3662 651 3732 „hormesta“
670 3671 698 3716 et
715 3665 893 3718 vetustiorum
911 3661 968 3717 fere
985 3659 1083 3717 nullus.
1119 3660 1170 3718 Va·
1277 3700 1280 3705 -

64 3754 161 3808 titanis
179 3772 216 3807 se.
235 3752 429 3830 antiquissimis
448 3751 508 3820 (uo.
522 3751 601 3805 3339.
620 3768 689 3804 saec.
702 3748 741 3804 lX
759 3758 788 3804 et
804 3769 848 3803 uo.
863 3749 931 3804 1974
950 3767 1017 3803 saec.
1030 3746 1074 3816 Χ)
1093 3745 1170 3803 deest

64 3859 118 3896 vox
136 3838 190 3894 illa.

135 3926 169 3994 9)
188 3923 315 3991 „Taedet
331 3924 455 4003 pluribus
474 3923 599 3977 insistere
618 3923 658 3976 roi
674 3931 729 3976 tam
747 3923 864 3978 incertae
879 3931 906 3976 et
918 3922 980 3977 voci
991 3917 1071 3997 plane
1083 3917 1168 3974 nihili.

65 4010 123 4066 Nee
142 4012 212 4067 enim
230 4009 259 4066 id
277 4030 373 4067 nomeu
390 4009 434 4068 vel
451 4010 599 4085 scriptores
611 4017 727 4076 veteres,
745 4006 787 4064 rel
799 4007 918 4064 melioris
931 4008 989 4063 aevi
1001 4005 1080 4063 codd.
1092 4024 1169 4080 agno·

66 4099 176 4153 scunt.“
866 4111 868 4114 ⁴

138 4182 189 4254 to)
208 4183 386 4239 Plurimorum
402 4185 569 4239 coniecturas
581 4179 748 4255 collegerunt
759 4180 863 4237 Fabrie.
876 4181 904 4236 in
922 4179 998 4237 bibll.
1010 4179 1066 4234 latt.
1080 4178 1170 4255 (prae-

67 4270 160 4326 sertim
182 4269 251 4326 med.
270 4279 298 4326 et
315 4267 362 4325 inl.
382 4267 439 4325 Lat.
459 4269 502 4327 ed.
519 4267 620 4338 lllausi)
645 4278 672 4324 et
694 4267 771 4324 illum
793 4269 891 4344 partim
912 4266 1068 4324 describens
1084 4263 1170 4322 Func-

895 4361 937 4422 12
953 4342 980 4397 *’
