2640 4764
642 174 684 242 47

108 353 272 430 Christus,
301 359 393 417 natus
422 372 507 417 anno
531 351 939 441 quadragesimosecundo
963 357 1054 439 primi
1077 358 1215 422 omnium

107 462 335 544 imperatorum
366 457 500 545 Augusti
535 461 649 538 (cuius
678 468 771 543 pater
804 459 903 524 lulius
932 458 1054 524 Caesar
1080 470 1216 527 metator

107 565 233 648 imperii
255 564 372 647 potius
395 584 487 647 quam
509 565 579 648 ipse
602 565 805 647 imperator).
818 565 860 642 ⁴⁰)
904 564 1030 642 „Natus
1048 574 1215 631 astantem

105 668 171 730 Vll
203 665 275 730 Kal.
296 667 478 743 *lanuarias
494 667 537 746 ⁴¹)
566 667 696 753 quando
725 670 858 752 primurn
887 669 1080 731 incrementa
1110 665 1215 733 omnia

107 775 185 836 anui
207 772 364 834 venientis
387 772 552 856 incipiunt.
602 773 651 835 lta
674 771 792 835 factum
816 783 878 850 est,
907 782 942 835 ut
964 794 1034 837 oum
1056 772 1214 836 Abraham

106 896 195 939 anno
219 874 461 961 quadragesimo
483 875 578 937 tertio
606 885 699 939 natus
722 878 778 951 sit,
806 874 865 938 sub
894 873 960 938 1111
984 874 1215 963 quadragesimi

106 978 241 1045 secundi
271 980 419 1042 nativitas
448 976 569 1043 Christi
598 982 799 1056 conveniret,
834 989 869 1043 ut
896 981 957 1043 iam
987 999 1053 1043 non
1083 982 1151 1065 ipse
1180 982 1214 1045 in

106 1094 201 1171 parte
228 1085 312 1147 tertii
344 1085 434 1160 anni,
462 1081 519 1147 sed
547 1085 581 1146 in
611 1086 682 1168 ipso
712 1085 819 1169 potius
849 1087 962 1147 tertius
992 1104 1093 1147 annus
1117 1086 1216 1149 orire-

107 1192 216 1253 tur“!?
231 1189 274 1266 ω)
313 1189 395 1250 Tum
417 1208 497 1271 pace
518 1185 676 1263 latissima,
699 1185 740 1250 ad
763 1208 855 1270 quam
873 1185 1003 1252 Christo
1022 1186 1215 1253 adventante

106 1300 222 1378 gentes
246 1290 457 1376 undecunque
480 1291 718 1367 festinaverant,
742 1289 836 1354 bellis
858 1289 1007 1355 radicitus
1030 1294 1214 1376 exstirpatis,

105 1396 186 1460 lano
211 1393 328 1472 clauso,
341 1397 393 1475 ⁴³),
413 1397 546 1480 primurn
569 1416 697 1459 censum
720 1397 773 1480 agi
795 1393 990 1481 singularum
1005 1394 1124 1480 ubique
1139 1417 1215 1481 pro-

105 1502 281 1565 vinciarum
304 1510 337 1564 et
360 1503 483 1564 censeri
506 1520 615 1563 omnes
637 1501 735 1576 iussit,
758 1500 812 1583 qui
825 1500 958 1562 Domini
980 1519 1097 1562 nomen
1115 1500 1214 1565 humi-

105 1603 180 1668 liter
200 1615 408 1682 recusaverat,
431 1604 600 1690 Augustus,
624 1606 772 1688 quoniam
797 1611 829 1666 et
850 1606 919 1686 ipse
942 1601 1100 1667 Dominus
1120 1602 1213 1669 Chri-

105 1720 172 1773 stus
196 1712 273 1773 civis
297 1708 358 1773 dici
380 1707 483 1772 voluit
497 1708 671 1771 Romanus.
707 1704 808 1770 Cuius
824 1728 899 1771 vere
912 1706 1053 1786 Domini,
1075 1707 1213 1775 1111101-

104 1835 187 1877 mam
203 1817 286 1877 servi
301 1811 459 1877 humiliter
474 1814 669 1888 assumentis,
688 1809 868 1873 humilitatis
884 1814 1039 1876 institutio
1056 1822 1091 1877 ut
1107 1816 1213 1899 aptior

103 1915 206 1994 fieret,
229 1927 295 1981 tum
318 1917 442 1983 demum
464 1915 580 1980 tradita
603 1925 659 1992 est,
682 1937 777 2000 quum
794 1917 856 1977 iam
871 1915 1047 2000 superbiae,
1070 1920 1211 1983 omnium

103 2024 246 2107 priorum
267 2022 421 2088 malorum
440 2021 569 2086 ultimae
584 2041 705 2096 causae,
727 2021 861 2104 puniti0‚
886 2019 1140 2091 omuibusunius
1155 2019 1212 2086 do,

104 2129 271 2190 minutioni
294 2127 457 2204 subiectis,
480 2124 637 2189 mentibus
660 2124 823 2188 hominum
845 2126 950 2188 inusta
972 2134 1067 2189 esset.

193 2232 308 2316 Neque
335 2242 447 2316 postea
470 2232 603 2315 mystica
627 2227 754 2306 desunt,
782 2226 928 2293 dillusius
950 2235 1114 2314 postremo
1136 2252 1212 2315 pro

104 2335 169 2400 lata
197 2338 231 2399 in
258 2338 496 2420 comparatione
517 2331 728 2397 Israelitarum
752 2342 785 2397 et
808 2331 1075 2413 Christianorum,
1104 2335 1212 2422 Aegy·

103 2443 243 2526 ptiorum
267 2449 299 2502 et
313 2440 539 2516 Romanorum,
562 2436 672 2500 decem
690 2439 833 2524 Aegypti
854 2437 1071 2503 adflictionum
1095 2447 1127 2502 et
1143 2461 1212 2504 cor·

102 2548 284 2631 reptionum
311 2547 530 2608 Romanorum
559 2552 693 2627 propter
721 2541 831 2605 decem
861 2540 1113 2608 Christianorum
1140 2566 1211 2628 per·

176 2779 229 2850 40)
251 2779 355 2836 Similia
373 2778 424 2835 alia
442 2780 493 2834 iam
512 2777 546 2846 ll,
564 2779 589 2835 1.
610 2776 644 2832 de
661 2775 801 2852 Babylone
819 2787 846 2832 11
864 2775 961 2845 Roma,
980 2776 1053 2832 Nino
1071 2786 1098 2832 et
1115 2775 1209 2847 Proca,

104 2888 175 2944 quae
192 2868 279 2925 Deum
298 2866 485 2943 disponentem
503 2867 590 2922 omnia
609 2874 637 2920 et
655 2863 813 2919 electionem
830 2863 931 2920 Romae
947 2863 1072 2943 probent.

175 2971 229 3038 al)
253 2968 297 3025 Cf.
321 2968 387 3025 alias
410 2968 463 3025 hue
485 2978 640 3046 spectantes
661 2967 807 3024 relationes
826 2970 954 3044 mysticas
972 2968 1043 3023 inter
1060 2966 1210 3044 Augustam

103 3065 132 3112 et
149 3057 345 3134 apparitionem
363 3055 468 3113 Christi
484 3056 538 3125 Vl,
555 3059 600 3110 20.

176 3159 228 3225 42)
252 3156 310 3225 Vll,
329 3163 354 3214 2.
374 3179 399 3236 p.
410 3161 470 3213 456.
500 3156 630 3212 Libenter
646 3157 786 3233 profiteor,
804 3177 847 3212 me
862 3155 929 3211 haec
940 3156 1053 3229 mystica
1065 3176 1120 3211 non
1132 3156 1210 3234 plane

101 3254 246 3325 perspecta
270 3243 376 3301 hahere.
417 3243 497 3300 Unde
519 3264 584 3300 vero
608 3245 704 3322 partim
723 3243 818 3299 saltem
836 3263 866 3298 11
884 3241 936 3298 sihi
955 3241 1076 3308 tinxerit,
1098 3242 1210 3305 111111.

102 3351 145 3406 sq.
166 3329 216 3386 suh
233 3328 332 3387 Euseb.
351 3329 515 3404 Hieronymo
533 3330 692 3386 videbimus
733 3326 873 3385 Praeterea
892 3327 1079 3386 huiuscemodi
1096 3331 1209 3404 mystica

101 3416 181 3472 valde
199 3415 354 3472 adamarunt
372 3418 423 3472 iam
440 3416 542 3472 Orosio
560 3416 639 3493 longe
657 3419 772 3494 priores,
791 3414 959 3484 Ambrosius,
982 3418 1027 3492 qui
1046 3437 1077 3470 ea
1094 3437 1110 3470 a
1127 3415 1210 3474 Grae·

102 3506 143 3560 cis
161 3513 314 3580 acceperat,
332 3512 360 3558 ot
377 3501 430 3558 alii.

173 3606 227 3672 43)
250 3605 339 3660 lanum
358 3605 504 3661 clausurn
523 3606 599 3681 impr.
619 3614 646 3660 11
664 3614 784 3681 apertum
803 3602 930 3658 observat
941 3601 1042 3658 Noster
1059 3622 1108 3680 per
1122 3613 1208 3666 totum

103 3711 173 3768 opus
188 3693 250 3769 (pp.
265 3694 322 3747 163.
336 3694 396 3746 246.
410 3693 462 3747 444
476 3694 574 3747 11445.
586 3692 640 3745 448
653 3699 680 3745 11
693 3694 790 3746 1451.
803 3690 886 3760 alt).
913 3689 1029 3746 Constat
1041 3699 1129 3745 autem
1142 3689 1208 3750 falsa

102 3777 148 3834 hie
166 3778 228 3854 (pp.
238 3779 291 3831 448
303 3786 331 3832 11
343 3779 380 3842 7.)
400 3777 433 3832 ab
446 3777 556 3843 Oresio,
576 3774 756 3833 Christianam
774 3796 838 3832 sane
852 3774 1023 3831 traditionem
1042 3776 1135 3843 (1.111
1149 3776 1209 3834 lde·

101 3861 144 3919 ler
161 3862 230 3919 lldb.
251 3863 300 3919 der
318 3862 446 3919 Chronol.
466 3863 499 3930 ll,
516 3866 570 3920 399
583 3883 641 3939 sqq.
674 3861 772 3920 Lebrh.
791 3863 916 3937 42411.)
939 3860 1012 3936 quod
1030 3863 1125 3919 attinet
1142 3864 1209 3919 nath

102 3951 214 4007 vitatem
237 3949 386 4007 Salvatoris
409 3959 553 4025 sequente,
575 3950 705 4028 proferri,
739 3949 781 4006 Cl'.
804 3953 956 4024 interprett.
979 3947 1013 4004 ad
1037 3949 1111 4004 Suet.
1131 3951 1209 4024 impr.

102 4035 199 4093 01111.
218 4041 261 4092 22.
281 4045 308 4092 et
326 4057 404 4111 quem
422 4041 476 4092 noh
495 4046 655 4093 consecutus
673 4054 746 4102 sum,
766 4038 799 4104 (1
816 4033 916 4090 Bthrio
934 4034 1013 4105 [rbm.
1029 4033 1208 4095 Litt-Gesch.

102 4112 215 4200 11181]
240 4121 393 4194 laudatum)
416 4123 537 4179 lllassonz
562 4123 595 4179 de
617 4123 674 4181 lani
691 4120 793 4199 templo
811 4131 939 4179 reserato.
980 4119 1109 4180 Roterod.
1130 4123 1207 4181 1700.

102 4207 152 4278 lll,
172 4214 196 4266 l.
215 4209 275 4281 §.d
294 4217 321 4265 et
339 4207 388 4279 lll,
406 4213 432 4268 2.
450 4211 473 4281 ᾗ.
486 4212 508 4266 1.
1127 4238 1134 4249 ·
