2640 4764
591 227 656 295 177

157 407 267 492 Aeque
295 428 366 469 rara
395 415 470 470 sunt
490 409 624 495 vestigia
649 405 831 485 Ciceronis,
861 410 949 472 cuius
972 409 1085 474 horum
1107 417 1175 475 tan-

65 518 133 572 tum
160 513 354 574 meminerim
377 514 556 575 orationum
579 511 771 576 loculorum:
800 512 829 588 Ι,
845 512 875 574 8.
900 534 930 596 p.
944 515 996 576 49.
1019 535 1080 599 pro
1103 515 1175 579 Mu-

64 635 134 677 ren.
156 616 229 693 XX,
252 614 364 698 §.423
394 615 475 694 11,o
497 615 552 679 inl.
582 639 613 700 p.
627 616 700 680 103.
730 637 790 700 pro
822 615 964 679 Marcell.
988 617 1044 695 IV,
1065 618 1173 701 §.11.;

64 720 142 799 (IV,
166 721 217 782 10.
247 742 278 804 p.
296 721 371 783 241.
402 723 489 794 (not.
506 721 559 800 3.)
588 723 622 782 in
645 720 752 783 Pison.
776 721 862 797 XIX,
886 718 1033 802 §.A3.?);
1053 722 1173 799 ,V,23.

62 847 97 909 p.
115 824 190 887 356.
219 843 280 908 pro
309 822 372 910 leg.
398 821 508 885 Manil.
532 824 619 900 XXI,
647 823 757 908 §.624
786 823 863 902 Vll,
886 827 937 888 15.
964 848 996 909 p.
1016 825 1089 889 494.
1112 847 1173 910 pro

63 925 211 990 Marcell.
233 926 287 1003 ΙΙΙ,
308 926 337 1009 §.
353 927 384 989 8.
430 925 523 1009 Quae
553 950 570 990 e
595 926 678 990 ludis
702 927 848 991 litorariis
870 926 1083 991 verisimiliter
1104 929 1173 993 Noss

63 1035 121 1094 stri
144 1030 247 1093 adbuc
267 1029 477 1093 inhaerebant
498 1034 680 1095 memoriae.

152 1134 328 1198 Bibliorum
342 1143 373 1196 et
385 1132 551 1197 Ciceronis
566 1137 736 1219 peritiores
749 1135 839 1220 plura
852 1136 988 1200 lortasse
999 1138 1172 1200 invenient.

152 1241 322 1303 Poetarum
340 1236 537 1303 Claudianus
552 1240 743 1302 novissimus
759 1238 858 1302 semel
873 1248 993 1303 tantum
1011 1241 1103 1319 (Vll,
1119 1242 1171 1305 35.

62 1367 96 1429 p.
109 1345 198 1422 561.)
221 1352 340 1427 „poeta
363 1342 499 1426 quidem,
520 1340 675 1420 laudatur,
700 1344 838 1419 eximius,
860 1341 916 1405 sed
939 1364 1083 1428 paganus
1101 1366 1173 1429 per-

61 1450 306 1525 vicacissimus“,
329 1455 361 1509 at
383 1447 577 1510 strictissime
598 1445 772 1509 secundum
789 1447 1000 1532 Augustinum
1024 1444 1074 1526 (d.
1089 1469 1115 1511 c.
1128 1448 1170 1513 D.

62 1552 103 1628 V,
115 1552 167 1615 26.
193 1551 231 1613 cf.
256 1553 391 1636 capt),
419 1552 470 1635 qui
495 1570 564 1612 eum
589 1571 607 1610 a
631 1547 750 1612 Christi
772 1553 902 1612 nomine
925 1548 1062 1613 alienum
1086 1549 1171 1631 dicit,

61 1657 105 1717 ita
134 1666 176 1717 ut·
198 1656 231 1716 in
255 1653 361 1717 medio
385 1654 614 1738 relinquamus,
643 1674 717 1716 num
742 1654 900 1738 exipsius
923 1662 1039 1738 poetae
1062 1657 1172 1741 cogni-

60 1761 151 1821 tione
175 1756 314 1820 eiusdem
337 1757 493 1843 prodierit
515 1756 592 1835 laus,
616 1766 647 1820 et
668 1755 744 1819 alibi
767 1777 894 1842 qnoque
916 1760 949 1821 in
971 1758 1094 1823 Nostro
1117 1781 1172 1823 ve-

61 1858 350 1947 stigiaClaudiani
373 1882 550 1948 agnoscere
573 1862 642 1944 quis
665 1859 759 1938 velit,
782 1868 900 1924 aurion.
912 1862 941 1940 ³)

149 1967 186 2029 ln
207 1986 383 2050 permagno
406 1987 483 2028 sane
505 1985 604 2048 penes
621 1964 772 2027 Orosium
798 1974 829 2027 et
852 1963 999 2047 aequales
1023 1976 1092 2030 erat
1113 1966 1170 2032 bo-

60 2090 141 2133 nore
163 2070 326 2147 Lucanus,
356 2071 409 2154 qui
436 2072 576 2152 quamvis
599 2089 617 2131 a
640 2068 761 2130 Nostro
784 2078 904 2151 „poeta
928 2072 1090 2153 optimus“
1111 2092 1170 2135 no-

59 2175 205 2249 minetur,
229 2183 333 2236 tamen
356 2193 462 2256 neque
484 2193 603 2249 versus,
627 2193 730 2256 neque
749 2175 817 2234 eius
833 2174 965 2234 omnino
982 2194 1085 2237 sermo
1102 2196 1170 2239 sae·

59 2281 132 2363 pius
156 2279 245 2339 asciti
268 2276 425 2340 videntur.
476 2276 559 2339 Nam
583 2275 707 2339 duobus
731 2285 851 2338 tantum
873 2278 907 2338 in
930 2274 1011 2339 locis
1034 2279 1169 2344 imitatio

59 2382 195 2458 Lucani,
218 2401 279 2443 nec
302 2382 363 2449 nisi
385 2400 450 2442 uno
474 2381 543 2463 ipsa
568 2385 636 2442 cius
659 2378 756 2441 verba
781 2389 902 2442 exstare
925 2378 1083 2444 videntur.
1097 2384 1125 2462 ⁴)

150 2482 300 2548 Omnium
322 2505 401 2547 vero
423 2484 546 2546 Nostro
568 2485 692 2545 maximi
716 2492 747 2545 et
770 2482 1026 2547 familiarissimus
1049 2486 1168 2572 ubique

59 2587 214 2674 Virgilius
239 2597 294 2666 est,
318 2591 406 2650 cuius
419 2585 601 2661 ‚dictionem
626 2596 657 2648 et
679 2585 826 2649 dictionis
843 2589 1051 2650 imitationem
1067 2611 1167 2674 aeque

60 2714 98 2754 ac
119 2713 229 2755 versus
253 2695 340 2777 ipsos
364 2693 546 2775 saepissime
569 2693 702 2754 invenis.
749 2688 920 2774 Virgilium
945 2690 1167 2778 intelligamus,

59 2794 142 2859 adeo
159 2794 322 2859 Aeneidos
338 2798 459 2857 initium
476 2814 745 2880 recognoscamus
760 2814 900 2871 necesse,
922 2797 948 2856 si
965 2795 988 2871 l,
1005 2796 1055 2860 18.
1072 2821 1103 2882 p.
1115 2799 1165 2861 72.

54 2898 101 2961 ¹de
124 2899 261 2975 Aeneae,
285 2900 383 2960 Troia
406 2897 544 2984 profugi,
570 2900 603 2960 in
625 2897 746 2961 ltaliam
770 2896 917 2975 adventu,
939 2897 1098 2984 rebusque
1121 2899 1167 2964 ibi

58 3004 165 3088 gestis,
189 3002 324 3065 Orosius
348 3000 424 3065 dicit
445 3000 535 3079 „ludi
558 3000 690 3064 literarii
713 3000 878 3086 disciplina
894 3010 1023 3065 nostrae
1039 3025 1166 3089 quoque

58 3108 229 3168 memoriae
258 3108 427 3168 inustum“.
484 3105 658 3167 Notissima
687 3104 852 3188 praeterea
880 3126 1053 3191 permagna
1080 3106 1166 3171 illius

58 3219 176 3296 poetae
200 3212 370 3274 auctoritas
394 3209 591 3293 temporibus
613 3210 740 3285 Nostri;
764 3207 849 3272 unde
872 3229 949 3272 sane
965 3207 1037 3272 lieri
1051 3213 1166 3295 potnit,

129 3471 285 3540 3).Vcrsns
303 3482 442 3551 praetcrea
460 3483 523 3528 runt
536 3471 678 3529 Claudiani
692 3471 725 3528 de
736 3482 798 3529 tert.
811 3470 914 3528 consul.
928 3470 1042 3528 Honorii
1059 3473 1095 3529 96
1106 3493 1164 3548 sqq.

57 3577 171 3634 qnorum
190 3558 305 3616 Orosius
324 3559 472 3617 mediorum
490 3560 571 3616 verba
590 3557 718 3615 nonnulla
738 3561 836 3625 omisit,
855 3560 892 3613 ita
910 3567 940 3613 ut
959 3578 974 3613 e
991 3558 1078 3614 tribus
1097 3559 1165 3616 duos

56 3655 160 3700 tantum
182 3645 274 3715 faciat,
300 3644 392 3722 quales
414 3666 502 3721 neque
524 3648 553 3701 in
571 3646 721 3720 Augustino
740 3645 871 3720 leguntur.
912 3643 1059 3723 Propterea
1078 3666 1166 3702 corre·

56 3740 120 3807 ptus
138 3731 243 3789 Noster·
257 3755 288 3788 ac
306 3735 330 3789 si
348 3734 475 3788 memoria
493 3742 567 3788 esset
585 3731 692 3809 lapsus,
714 3740 802 3786 tamen
821 3731 969 3786 scienter
987 3731 1039 3786 hoc
1057 3730 1165 3798 fecerit;

56 3817 123 3873 mibi
151 3818 259 3894 quidem
276 3817 484 3894 Havercampius
511 3826 567 3872 not.
582 3821 626 3874 38.
650 3816 685 3872 ad
706 3815 732 3872 b.
751 3815 769 3872 l.
793 3827 895 3874 rectum
922 3820 1026 3873 eruisse
1048 3816 1164 3873 videtur.

57 3902 178 3960 Gessner
198 3904 233 3960 ad
250 3903 268 3959 l.
288 3903 431 3961 Claudiani
453 3901 520 3959 lalso
539 3904 618 3958 etiam
635 3902 815 3977 Augustinnm
834 3903 916 3960 verba
933 3903 1019 3960 media
1037 3904 1166 3959 reiecisse

55 3993 156 4065 arguit,
174 4011 263 4066 neque
280 3989 375 4047 Nostri
393 3992 523 4046 rationem
541 3991 688 4067 perspexit.

127 4092 161 4162 4)
185 4092 218 4161 ΙΙ,
232 4095 274 4149 18.
293 4112 319 4169 p.
331 4094 388 4148 1³8.
403 4093 476 4163 (not.
486 4089 525 4161 2.)
538 4092 604 4146 imit.
616 4088 683 4146 Luc.
701 4088 723 4158 l,
736 4094 760 4146 l.
771 4121 804 4132 -
814 4088 861 4159 ΙΙΙ,
871 4091 895 4146 8.
913 4111 940 4168 p.
952 4093 1011 4147 163.
1025 4090 1098 4162 (not.
1110 4087 1164 4158 lo.)
1212 4103 1214 4106 ⁴

55 4179 121 4234 imit.
140 4179 206 4235 Luc.
221 4177 241 4246 Ι,
255 4179 315 4234 oo?
329 4211 360 4221 -
374 4177 421 4246 Vl,
434 4182 460 4236 l.
478 4201 505 4258 p.
515 4178 583 4236 369⁸
605 4176 639 4249 (‚,
646 4186 677 4234 ut
693 4176 784 4232 verbis
802 4185 899 4255 poetae
917 4179 1011 4254 optimi
1029 4175 1164 4252 loquar“)

54 4283 126 4320 vers.
144 4285 208 4342 pars
228 4285 243 4320 e
261 4263 327 4321 Luc.
347 4263 374 4334 Ι,
392 4266 453 4324 337.

924 4351 966 4413 12
