2640 4764
635 185 679 250 27

102 385 173 428 rum
196 373 372 447 temporum
396 363 555 443 (Bivarii)
579 363 691 427 fraude
712 365 876 448 supposita
894 361 1157 428 Pseudo-Dextri
1179 374 1211 427 et

103 467 390 532 Pseudo-Maximi
420 465 567 530 chronica
598 466 639 530 de
668 465 811 551 pluribus
841 469 1035 554 cognatione
1063 472 1148 531 inter
1176 488 1211 531 se

103 574 221 637 iunctis
249 572 376 636 Orosiis
405 569 592 654 prodidere,
621 592 638 632 a
667 569 805 634 Nicolao
834 573 895 634 iam
918 573 1061 636 Antonio
1091 573 1211 656 optime

103 677 251 754 refutata,
273 673 418 758 adeoque
442 672 481 737 ad
505 673 635 738 nihilum
657 673 785 737 redacta
808 685 890 738 sunt.
902 677 944 754 16)
981 677 1052 740 Nec
1067 674 1139 761 plus
1154 695 1213 738 no-

104 784 191 845 mine
215 801 284 843 curn
299 780 423 843 Nostro
446 778 543 842 habet
558 799 724 843 commune
740 779 877 843 Orosius
897 779 951 844 ille
968 780 1074 857 abbas,
1097 802 1114 842 a
1132 778 1212 844 Gre-

104 886 201 974 gorio
224 904 340 970 magno
359 892 559 959 memoratus,
571 884 613 963 17)
637 885 778 966 quamvis
795 882 945 946 chronica
959 882 1013 947 illa
1029 882 1145 946 ficticia
1160 884 1212 947 hie
1249 880 1256 891 ’

104 1010 235 1074 quoque
264 990 357 1074 nugis
386 986 600 1050 insulsissimis
626 986 812 1050 affinitatem
836 1008 946 1050 eruere
968 986 1132 1063 studeant,
1158 985 1213 1050 vel

105 1092 252 1156 audeant.
266 1092 308 1172 88)
333 1084 373 1141 -’-
399 1092 452 1154 De
475 1089 539 1154 alio
563 1089 700 1174 denique
723 1091 844 1156 Orosio
868 1101 962 1176 atque
983 1092 1107 1155 Nostro
1129 1094 1213 1154 noti-

103 1195 276 1261 tiunculam
306 1196 373 1259 iere
403 1193 493 1259 nihili
520 1216 538 1257 a
567 1195 605 1258 B.
628 1195 692 1258 Pez
721 1194 798 1259 editi
828 1197 981 1280 anonymi
1007 1194 1212 1274 Mellieensis,

105 1300 148 1364 de
177 1303 298 1385 scriptt.
322 1299 399 1362 ecel.
424 1321 449 1362 c.
466 1301 508 1362 69
531 1335 575 1346 -
598 1321 648 1382 ap.
672 1299 795 1363 Fabrio.
819 1299 894 1364 bibl.
919 1298 1031 1363 eccles.
1054 1299 1212 1363 -intel-

103 1405 206 1492 ligere
234 1403 416 1468 voluerunt.
474 1401 546 1483 (Cf.
577 1401 700 1466 Fabric.
730 1402 806 1466 bibl.
830 1403 911 1467 med.
943 1413 975 1467 et
1003 1403 1058 1467 inf.
1081 1402 1136 1467 lat.
1160 1401 1211 1467 ed.

103 1510 221 1572 lllansi.
252 1510 344 1572 Tom.
356 1509 398 1572 V.
428 1507 565 1592 p.178.)

435 1855 820 1905 nonrrnnnnrvn
856 1852 880 1905 1.

100 1975 165 2040 DE
190 1972 387 2040 SCRIPTIS
408 1971 560 2037 OROSll
581 1973 847 2037 DEPERDITIS
869 1975 927 2037 ET
949 1973 1210 2040 SVPPOSITIS.

142 2171 145 2177 '
193 2166 346 2250 Quamvis
370 2164 410 2228 de
433 2166 556 2249 scriptis
573 2163 684 2228 Orosii
707 2164 776 2228 aliis
800 2189 838 2228 ao
859 2164 994 2230 laudatis
1018 2166 1102 2252 apud
1125 2177 1212 2231 vete-

101 2293 156 2336 res
178 2268 258 2334 nihil
280 2272 473 2347 inveniatur,
502 2278 606 2332 tamen
629 2273 841 2333 recentiorum
865 2274 1053 2356 scriptorum
1075 2274 1141 2335 sive
1165 2293 1212 2335 as-

102 2379 246 2441 sertione
270 2371 412 2458 simplici,
434 2374 502 2436 sive
525 2372 729 2460 negligentia,
753 2377 820 2437 sive
843 2376 974 2452 inscitia,
997 2375 1109 2439 Nostri
1124 2378 1212 2439 varia

101 2479 158 2544 vel
182 2477 362 2565 deperdita,
390 2474 444 2539 vel
466 2475 548 2539 falso
573 2480 600 2539 ei
624 2476 755 2556 tributa,
778 2481 1010 2564 suppositaque
1032 2482 1144 2565 partim
1167 2480 1213 2544 fe-

102 2584 270 2663 rebantur,
299 2583 413 2667 partim
442 2579 544 2642 adhuc
567 2580 720 2644 feruntur.
764 2583 851 2645 Vere
874 2582 999 2666 quidem
1024 2585 1212 2662 Orosianae,

102 2687 162 2752 sed
192 2684 377 2772 deperditae
405 2682 567 2767 hodieque
594 2686 730 2747 citantur
752 2685 906 2770 epistolae
930 2687 970 2750 ad
993 2689 1212 2774 Augustinum,

103 2813 237 2878 quarum
258 2791 377 2876 primus
395 2787 585 2852 Trithemius
608 2827 652 2837 —
675 2787 715 2852 de
738 2791 857 2876 seriptt.
878 2789 952 2855 eccl.
978 2814 1003 2854 o.
1019 2793 1089 2855 121.
1114 2828 1155 2838 —
1180 2801 1213 2856 et

104 2894 280 2960 secundum
301 2895 386 2956 hunc
407 2891 497 2955 rnulti
519 2892 571 2955 3111
593 2894 773 2958 meminere.
811 2894 899 2959 Idem
917 2895 1119 2982 epistolarum
1136 2917 1213 2981 quo-

104 3024 169 3087 que
193 3001 304 3065 Orosii
327 2997 367 3060 ad
391 2997 534 3061 diversos
557 2995 673 3060 librum
694 3020 791 3062 unum
814 3000 937 3079 laudat,
961 3001 1000 3064 ab
1024 2999 1093 3065 aliis
1115 3000 1212 3065 hodie

105 3108 265 3181 omissum,
289 3105 355 3166 sive
379 3100 514 3165 eundern
539 3123 608 3164 cum
632 3103 775 3188 epistolis
799 3104 839 3167 ad
859 3106 1069 3191 Augustinum
1087 3105 1212 3185 factum,
1259 3136 1263 3144 *

105 3219 142 3274 ut
165 3231 214 3294 ap.
238 3210 308 3272 Nic.
326 3207 445 3269 Anton.
471 3205 492 3267 1.
509 3203 529 3268 1.
556 3204 583 3289 ξ
596 3207 658 3286 23,
681 3210 735 3292 qni
759 3208 975 3293 epistolarium
998 3231 1016 3272 a
1040 3209 1212 3274 Franciseo

104 3449 156 3506 les.
171 3451 211 3506 12.
225 3449 272 3526 pll.
282 3448 310 3506 ll.
338 3451 384 3526 qui
402 3447 479 3505 Tom.
490 3448 535 3506 vl.
556 3471 582 3528 p.
593 3450 636 3508 lll.
655 3473 682 3530 p.
693 3454 745 3508 337
759 3462 785 3508 et
796 3454 858 3509 338.
877 3455 1023 3530 reperitur,
1042 3452 1214 3513 Volaterrani

105 3557 168 3592 esse
185 3534 299 3592 videtur.

177 3620 318 3678 Praeterea
336 3622 430 3678 Orosii
453 3644 550 3680 nornen
573 3623 649 3679 adest
671 3626 700 3680 in
720 3624 934 3701 martyrologiis,
957 3647 998 3683 ex.
1018 3647 1056 3702 gr.
1076 3628 1104 3682 in
1121 3638 1213 3686 vetere

106 3706 236 3784 quodam,
266 3709 337 3783 qnod
363 3707 462 3765 dieitur
483 3709 654 3786 Hieronymi,
679 3711 711 3765 ad
734 3711 792 3767 dies
811 3711 875 3768 Vlll
899 3723 925 3769 et
948 3713 975 3769 X
998 3712 1147 3793 Septembr.
1170 3737 1214 3794 ap.

106 3793 242 3868 d'Aehery
260 3794 353 3870 specil.
373 3794 414 3851 ed.
434 3795 468 3851 de
485 3796 510 3852 13
529 3798 619 3854 Barrre.
648 3796 726 3871 Tom.
737 3798 769 3854 ll.
787 3801 845 3856 init.

177 3879 230 3950 56)
253 3879 284 3936 11.
302 3880 321 3936 1.
344 3882 366 3952 §.
380 3884 405 3937 8.
428 3904 454 3959 p.
470 3885 528 3938 180.
541 3894 608 3952 vet,
625 3887 686 3939 237.
699 3905 761 3942 nov.
773 3884 814 3942 ed.
833 3906 921 3963 praec.
945 3886 983 3956 ᾗ).
996 3889 1031 3941 75
1044 3907 1103 3965 sqq.
1127 3908 1214 3963 usque

107 3965 142 4022 ad
159 3967 205 4022 fin.
225 3987 251 4043 p.
264 3971 322 4024 183.
336 3979 403 4036 vet,
421 3971 482 4024 alr.
496 3989 556 4026 nor.
568 3970 607 4025 ed.
628 3990 688 4046 sqq.

177 4054 230 4121 57)
254 4052 297 4109 cf.
321 4053 431 4130 Gregor.
451 4075 534 4130 magn.
557 4058 636 4132 epist.
660 4056 678 4111 l.
697 4056 717 4112 Ι.
735 4056 846 4127 (indict.
860 4057 924 4124 lx.)
948 4078 990 4114 no.
1001 4062 1034 4113 51
1055 4068 1082 4115 et
1099 4063 1143 4116 52.
1161 4060 1211 4129 (31.

105 4142 141 4195 49
154 4148 183 4194 et
194 4139 257 4208 50.)
275 4142 302 4195 in
321 4140 397 4197 Tom.
407 4141 439 4198 ll.
458 4162 521 4219 opp.
539 4142 581 4199 ed.
599 4143 700 4199 Bened.
727 4142 787 4199 Col.
800 4144 853 4198 545
866 4153 893 4199 et
905 4146 964 4201 546.

177 4227 230 4297 58)
254 4224 296 4282 cf.
315 4225 375 4282 Nic.
392 4226 491 4284 Aulon.
511 4227 559 4285 1.1.
584 4231 606 4300 §.
617 4233 659 4287 411.
682 4251 708 4300 p.
719 4233 778 4287 186.
792 4239 859 4298 vet„
877 4233 938 4288 245.
951 4251 1012 4289 nov.
1024 4231 1065 4287 ed.
