2640 4764
595 206 657 272 143

68 384 138 438 sium
160 383 289 437 scientem
308 379 372 456 quid
390 380 434 436 bic
453 390 545 437 eontra
563 384 702 437 veritatem
720 383 880 458 ingessisse;
903 401 952 438 nec
971 381 1082 439 difficile
1099 383 1176 439 intel-

68 468 149 536 lectu,
169 489 227 524 cur
245 466 346 522 lecerit.
361 467 421 537 ¹¹³)

138 555 176 611 Et
203 574 270 630 quae
298 563 449 629 quantaque
471 553 523 610 boc
545 557 573 610 in
599 557 686 631 capite
709 553 830 611 conlusio
853 565 1003 632 temporum
1025 565 1052 611 et
1074 561 1176 613 rerum!

67 651 130 697 ante
152 640 228 695 finita
246 640 317 711 (735
335 661 360 696 u.
381 643 417 708 c.)
436 651 528 697 contra
548 641 699 696 Cantabros
719 642 886 716 Asturesque
904 640 989 709 bella,
1013 642 1098 698 Drusi
1116 663 1175 698 cum

67 727 209 784 Germanis
229 737 255 782 et
274 727 356 782 Cossi
375 748 434 783 cum
453 727 576 784 Gaetulis
594 727 698 799 (7592)
718 727 796 801 longe
814 730 965 804 posteriora
985 730 1140 784 certamina!

139 814 230 888 Pergit
248 813 310 868 dein
324 813 404 869 Oros.
424 834 449 889 p.
460 817 519 869 447.
540 815 640 889 „Quib
662 816 740 869 etiam
759 813 853 869 diebus
871 813 954 869 multa
971 835 1021 892 per
1039 835 1069 870 se
1083 813 1176 869 multa-

66 921 119 976 que
143 920 192 977 per
216 899 298 956 duces
323 910 350 955 et
370 899 472 975 legatos
490 899 560 955 bella
579 902 693 975 gessit.“
735 900 799 956 lllox
817 899 977 965 divinamus,
1002 901 1036 956 ed
1053 910 1174 976 tempora

66 986 163 1042 bellor.
188 986 271 1041 Drusi
295 996 463 1042 memorator.
488 986 554 1042 haec
578 1007 638 1042 esse
661 986 807 1042 reserenda.
849 985 938 1054 „Nam
962 988 1032 1040 inter
1054 995 1174 1041 caeteros

66 1083 95 1128 et
112 1071 178 1128 Piso
202 1072 343 1129 adversum
361 1071 519 1129 Vindelicos
541 1074 641 1128 missus
664 1083 713 1129 est.
755 1073 861 1147 Quibus
881 1073 1012 1138 subactis,
1035 1074 1123 1127 victor
1140 1070 1192 1127 ad·

66 1159 211 1215 Caesarem
230 1158 388 1233 Lugdunum
406 1161 512 1214 veuit.“
549 1159 620 1215 llaec
639 1159 694 1215 fere
713 1159 813 1235 ubique
831 1160 894 1214 alibi
913 1158 1106 1213 desiderantur.
1137 1159 1175 1213 Ae

65 1266 138 1301 coss.
156 1245 248 1300 Druso
270 1243 375 1300 Libone
398 1255 425 1300 et
448 1245 524 1324 Calp.
544 1246 644 1302 Pisone
667 1249 718 1301 739
741 1267 765 1300 u.
786 1266 808 1301 c.
832 1245 882 1314 (cf.
907 1245 1011 1321 Zumpt.
1036 1244 1123 1299 annal.
1147 1253 1174 1299 ct

63 1332 147 1387 Dion.
167 1330 243 1387 Cass.
262 1329 332 1398 LlV,
350 1332 415 1400 bl),
439 1353 520 1408 quum
538 1333 645 1388 Drusus
665 1341 692 1387 et
711 1331 837 1386 Tiberius
856 1351 915 1385 eum
933 1329 1055 1385 Rhaetiis
1074 1329 1174 1386 Vinde-

63 1417 190 1492 liciisque
208 1417 366 1474 dimicarent
384 1419 456 1487 (Dio
474 1419 492 1475 l.
505 1419 523 1474 l.
542 1419 614 1488 Ἀ),
632 1419 770 1492 Angustus
788 1419 816 1473 iu
836 1415 936 1485 Gallia,
960 1416 1075 1472 fortasse
1094 1419 1173 1472 etiam

62 1503 189 1579 Lugduni
212 1513 389 1560 commoratus
415 1515 463 1560 est.
495 1504 545 1567 ,dc
563 1506 670 1572 nescio,
694 1524 727 1558 au
744 1513 809 1558 tune
828 1511 855 1556 et
873 1501 936 1557 Piso
956 1522 1029 1557 cons.
1049 1523 1092 1557 res
1110 1501 1172 1558 illas

62 1592 189 1666 gesserit,
209 1610 244 1644 ne
262 1589 326 1658 alia,
344 1592 431 1646 minus
449 1589 617 1657 verisimilia,
636 1591 781 1644 coniiciam.

135 1674 261 1731 Tiberius
280 1676 433 1733 Pannonios
457 1676 618 1733 rebellantes
642 1684 756 1731 coercet.
792 1673 941 1750 „Idemque
959 1678 1086 1730 continuo
1106 1673 1171 1730 Ger·

61 1783 156 1818 manos
174 1761 247 1818 bello
266 1764 390 1839 arripuit·
410 1785 425 1818 e
444 1764 515 1839 quib.
528 1761 577 1819 XL
589 1761 672 1818 millia
692 1763 820 1839 captivor.
840 1763 928 1816 victor
939 1760 1058 1817 abduxit.
1089 1760 1171 1835 Quod

61 1870 173 1906 revera
197 1848 297 1905 bellum
315 1852 479 1906 maximum“
498 1859 550 1905 etc.
591 1848 795 1917 „Suetonius
818 1848 1057 1904 adtestatur.“...
1093 1846 1171 1903 Patet

61 1936 116 1992 duo
141 1935 247 1992 diversa
270 1935 314 1991 bie
333 1958 347 1991 a
365 1936 466 1992 Nostro
486 1935 595 1991 confusa
614 1935 714 1991 referri.
757 1933 813 1990 Sed
835 1936 880 2010 qui
898 1933 964 1990 baec
982 1934 1035 1988 sibi
1053 1933 1170 2002 finxerit,

60 2021 160 2078 videte.
197 2021 343 2095 Suetonius
363 2033 435 2078 recte
453 2022 589 2078 laudatur:
609 2031 672 2076 sunt
690 2022 760 2076 enim
777 2022 858 2077 vcrba
879 2023 910 2077 ei.
929 2023 958 2077 in
977 2019 1037 2075 Tib.
1057 2024 1107 2086 16,
1126 2040 1171 2077 re·

60 2129 121 2164 rum
138 2128 193 2163 nou
212 2107 246 2163 de
264 2106 337 2163 bello
356 2108 404 2164 illo
418 2108 576 2165 Germanico
596 2106 776 2182 intelligenda,
795 2107 843 2163 sed
861 2110 952 2184 potios
971 2107 1005 2163 de
1021 2106 1170 2162 rebellione

61 2193 268 2250 Pannoniorum.
305 2193 458 2272 Scripserat
480 2205 567 2250 autem
589 2195 703 2271 Eutrop.
723 2193 782 2262 Vll,
800 2200 824 2249 5.
849 2195 999 2262 ‚,...sicut
1022 2213 1071 2271 pcr
1090 2193 1170 2249 Tibe·

59 2283 131 2337 riom
152 2283 265 2358 privigu.
290 2280 401 2336 alterum
420 2280 643 2338 Pannonicum
664 2281 720 2352 (sc.
740 2281 878 2355 Augustus
901 2279 1098 2335 administravit
1114 2279 1169 2336 bel·

58 2367 141 2434 lum).
179 2367 250 2441 Quo
271 2368 316 2435 (i)
335 2365 408 2422 bello
427 2366 475 2422 XL
488 2366 571 2423 millia
590 2370 720 2444 captivor.
739 2388 776 2423 ex
795 2366 968 2423 Germania
986 2366 1123 2423 transtulit
1142 2376 1169 2423 et

59 2473 142 2530 supra
161 2453 246 2528 ripam
264 2452 352 2508 Rheni
370 2455 398 2508 in
412 2453 498 2508 Gallia
518 2453 692 2509 collocavit.“
728 2453 836 2509 llinime
854 2453 1012 2520 verisimile;
1031 2474 1096 2509 saue
1114 2452 1167 2508 duo

57 2538 140 2617 plane
159 2537 265 2594 diversa
284 2559 344 2593 esse
364 2560 378 2594 e
397 2538 471 2594 Suet.
491 2539 552 2595 Tib.
571 2544 596 2595 9.
616 2539 701 2605 vides,
720 2540 766 2595 ubi
785 2538 905 2594 eiusdem
922 2541 950 2594 in
969 2539 1041 2595 bello
1061 2539 1168 2596 Germa·

57 2627 121 2680 uico
141 2626 180 2679 rei
198 2633 289 2698 gestae
307 2624 338 2679 lit
356 2627 462 2681 mentio.
499 2626 537 2680 At
558 2628 585 2680 in
604 2645 656 2700 quo
675 2624 769 2679 bellor.
790 2624 985 2692 Germanicos,
1010 2627 1055 2681 rix
1074 2624 1168 2681 diiudi-

58 2710 180 2768 candum.
211 2711 317 2767 Bellum
336 2721 424 2766 autem
436 2711 618 2767 Pannonicum
634 2713 711 2766 aunis
724 2731 748 2766 u.
764 2731 785 2765 e.
800 2712 851 2766 759
863 2731 922 2786 sqq.
936 2711 1148 2767 adscribendum.

131 2796 261 2870 Quinctil.
272 2797 336 2853 Vari
355 2797 452 2856 clades.
473 2798 544 2854 Flor.
564 2797 789 2872 1V,12;30sqq.
809 2807 836 2852 et
855 2796 929 2873 Suet.
946 2796 1007 2852 Oct.
1021 2803 1073 2866 2³3,
1092 2818 1167 2874 prae·

56 2893 101 2940 ter
120 2883 230 2939 dubium
248 2883 349 2939 Nostro
368 2887 435 2951 noti,
459 2883 508 2940 sed
526 2904 601 2960 quor.
621 2884 730 2957 vestigia
748 2885 835 2938 minus
854 2883 898 2939 hic
915 2893 1015 2961 aperta.

131 2970 328 3046 „Bosporanus
346 2989 409 3025 vero
425 2971 543 3050 Agrippa
562 2972 713 3049 superavit,
733 2979 761 3025 et
777 2971 860 3044 signis
879 2969 1020 3040 Romanis,
1040 2990 1107 3046 quae
1126 2968 1167 3027 illi

133 3197 200 3267 113)
224 3197 275 3253 llic
293 3196 387 3254 Nostri
409 3196 485 3254 locus
508 3199 536 3253 in
554 3197 680 3254 lobannis
704 3199 785 3275 episc.
805 3196 990 3254 Gerundeusis
1008 3197 1164 3276 paralipom.

55 3282 168 3361 Hispan.
188 3283 206 3340 l.
224 3285 259 3340 X.
283 3287 343 3361 (ap.
362 3283 467 3340 Schott.
490 3284 566 3363 Hisp.
586 3285 623 3341 ill.
647 3283 723 3340 Tom.
737 3282 754 3337 l.
773 3304 800 3360 p.
811 3284 869 3339 119.
888 3282 934 3340 liu.
946 3290 980 3340 50
994 3285 1070 3361 sqq.)
1094 3283 1165 3340 hunc

55 3372 85 3426 in
108 3370 215 3426 modurn
240 3369 363 3426 laudator
386 3371 475 3439 „Post
498 3371 619 3426 devictos
644 3368 808 3436 Cantabros,
826 3368 976 3439 Vaccaeos,
999 3372 1114 3426 Astures
1138 3381 1165 3427 et

54 3455 209 3531 llliturgos,
234 3455 307 3532 quod
329 3455 430 3511 bellum
453 3459 528 3512 aunis
552 3466 674 3532 quatuor·
691 3455 843 3533 expeditum
866 3465 921 3524 est,
946 3477 1005 3512 cum
1027 3456 1164 3533 Augustus

55 3543 160 3600 Cacsar
183 3543 361 3599 Tarraconem
389 3545 583 3608 concessisset,
610 3546 706 3598 iterum
729 3563 760 3598 ac
782 3541 915 3610 secondo,
937 3542 967 3597 id
990 3553 1032 3598 est
1054 3565 1076 3598 a.
1095 3564 1121 3598 u.
1140 3563 1163 3600 e.

55 3639 152 3706 quarto
171 3629 227 3685 lani
245 3639 337 3706 portas
356 3628 444 3685 claudi
462 3631 596 3696 iussisset,
615 3629 742 3705 orbisque
758 3630 904 3704 quievisset
916 3650 930 3683 a
944 3628 1031 3696 bellis,
1049 3627 1095 3684 illa
1109 3627 1165 3704 glo·

54 3719 95 3773 ria
114 3717 236 3791 Augusto
256 3714 367 3771 Caesari
385 3715 564 3770 Tarraconem
587 3714 664 3770 allata
690 3724 732 3771 est
756 3715 789 3771 de
808 3714 928 3771 Orientis
950 3714 1072 3792 populis,
1096 3736 1163 3791 quae

54 3803 192 3880 quondam
219 3801 373 3859 Alexandro
400 3801 540 3857 llacedoui
568 3799 602 3855 de
624 3800 843 3857 Occidentalibus
866 3801 1032 3877 Babylonem
1060 3813 1102 3858 est
1128 3802 1164 3857 al·

52 3889 139 3945 lata“.
165 3922 196 3932 -
225 3889 315 3962 Quae,
343 3889 462 3964 quamvis
491 3888 524 3942 iis
553 3886 728 3954 „Secundum
750 3889 932 3943 testimonium
956 3898 998 3943 est
1021 3887 1049 3944 P.
1070 3888 1163 3945 Orosii

52 3975 146 4054 presb.
166 3974 375 4030 Tarraconensis
399 3976 450 4030 viri
474 3971 616 4029 clarissimi
641 3983 667 4028 et
690 3977 717 4028 iu
739 3974 852 4029 historia
875 3977 970 4030 sommi
993 3978 1020 4030 in
1044 3976 1074 4030 ei
1095 3973 1163 4030 llor-

52 4071 140 4118 mesta
160 4061 205 4118 lib.
220 4063 244 4116 6.
264 4063 319 4135 qui
337 4063 386 4116 sic
404 4063 450 4116 ait
463 4105 468 4116 .
480 4063 509 4117 ,⁶⁴
528 4061 740 4136 praemittantur,
758 4063 802 4116 vix
820 4070 908 4115 tamen
925 4061 1007 4117 verba
1025 4061 1058 4116 ab
1078 4081 1163 4117 exem-

51 4147 127 4227 plari
142 4146 316 4202 historiarum
328 4144 422 4204 Nostri
440 4167 504 4204 vere
521 4145 655 4223 descripta
672 4146 794 4214 arbitrer,
813 4167 894 4221 quum
904 4149 1011 4204 minime
1024 4148 1108 4203 textui
1122 4167 1162 4202 ca·

50 4234 122 4312 pitis
141 4242 294 4308 congruant.
