2640 4764
676 201 741 269 178

154 391 190 446 nt
217 389 314 466 poeta
340 400 484 468 paganos
512 382 547 443 in
570 376 692 444 Christi
721 378 805 444 adeo
834 380 985 465 passione
1015 376 1056 443 ad
1078 388 1188 465 partes
1211 401 1267 444 vo-

155 495 289 550 caretur.
306 486 334 563 ⁸)

244 587 326 653 Stilo
349 585 487 673 denique
502 588 616 652 Nostri
638 590 802 674 proprium
823 606 891 651 nou
913 587 975 650 nisi
997 585 1061 649 hoo
1076 607 1267 651 commemo-

155 715 237 772 rem,
264 702 426 757 auctorem
455 712 687 777 saepenumero
710 693 779 756 sive
801 687 1006 778 longioribus
1028 692 1098 753 sive
1122 689 1267 776 pluribus

155 796 358 862 brevioribus
381 799 578 882 interpositis
602 794 752 881 periodis,
774 794 814 858 ad
837 797 977 879 priorem
994 797 1207 880 interruptam
1223 816 1268 858 as·

156 903 288 986 sumptis
316 898 479 985 particulis
508 919 603 986 ergo,
633 901 745 986 igitur,
774 902 895 984 itaque,
924 907 960 962 ut
982 896 1046 961 dixi
1068 907 1131 962 etc.
1154 896 1267 976 redire,

156 1004 244 1091 quod
264 1006 374 1088 utique
397 1002 591 1067 intellectum
615 1002 828 1067 difficiliorem
851 1001 965 1080 reddit,
988 1010 1084 1087 atque
1102 1005 1137 1066 in
1154 1023 1267 1066 anaco-

157 1107 245 1173 lutha
266 1108 419 1172 Nostrum
442 1104 571 1169 abducit
592 1127 830 1192 nonnunquam.
848 1108 876 1184 ⁶)

244 1211 298 1275 De
327 1209 396 1273 aliis
425 1212 580 1273 orationis
603 1211 716 1274 Nostri
743 1209 1009 1296 proprietatibus,
1039 1230 1112 1272 cum
1142 1219 1268 1273 antece·

157 1314 255 1378 dente
282 1315 396 1376 iunctis
426 1311 678 1397 quodammodo,
706 1317 868 1378 maximam
895 1322 1018 1399 partem
1039 1313 1267 1398 vituperandis,

157 1417 316 1496 barbaris,
346 1416 385 1480 cf.
412 1415 507 1482 velim
530 1414 673 1483 Grubitz.
703 1440 762 1482 em.
786 1419 883 1483 Oros.
906 1438 978 1504 pag.
994 1417 1047 1481 25.
1070 1418 1124 1481 26.
1148 1418 1196 1500 29.
1216 1419 1266 1494 31,

157 1523 211 1587 32.
233 1523 287 1586 35.
308 1523 362 1585 37.
384 1520 437 1585 38.
461 1521 507 1603 49.

510 1832 853 1884 snurnsmnnnvnr
888 1833 916 1886 a.

399 1951 459 2015 DE
495 1952 665 2017 Trrvbo
699 1948 1022 2016 HISTORIARVM.

247 2143 299 2207 Ne
320 2139 397 2227 quid
420 2144 564 2206 omisisse
585 2143 662 2206 mihi
682 2141 801 2219 videar,
822 2151 984 2227 postremo
1007 2143 1056 2206 rei
1072 2144 1266 2207 meminerim

159 2251 308 2324 incertae,
331 2267 411 2330 quae
433 2245 560 2331 quidem
582 2246 702 2311 nullius
718 2247 785 2310 lere
799 2248 960 2324 momenti,
981 2245 1039 2310 sed
1053 2249 1199 2310 virorum
1214 2245 1267 2310 do·

161 2360 284 2415 ctorum
305 2351 436 2434 ingenia
458 2371 518 2434 per
539 2359 698 2415 transacta
720 2349 847 2414 saecula
868 2353 955 2414 varie
978 2353 1129 2414 exercuit.

247 2452 285 2516 In
314 2449 478 2516 codicibus
508 2456 592 2517 enim
621 2453 807 2539 quibusdam
836 2475 908 2519 mss.
931 2453 1042 2518 titulus
1065 2454 1266 2518 historiarum

159 2601 358 2612 ........----

229 2684 265 2756 5)
280 2683 424 2760 Virgilium
441 2685 530 2762 ipsum
548 2687 607 2742 sive
624 2687 798 2743 imitationem
814 2688 871 2743 eius
884 2685 967 2741 habes
979 2684 1056 2742 hisce
1066 2688 1095 2742 in
1107 2685 1193 2743 locis:
1210 2686 1231 2754 l,
1242 2688 1264 2741 8.

161 2775 254 2851 pun:
271 2770 384 2828 Acncid
402 2772 462 2827 init.
481 2803 514 2814 -
532 2771 565 2840 11,
578 2775 603 2828 4.
622 2793 649 2849 p.
658 2777 714 2828 92:
733 2773 806 2843 (not.
816 2775 854 2840 6.)
874 2792 907 2828 ex
924 2773 990 2828 imit.
1003 2772 1071 2829 Aen.
1089 2772 1150 2841 Vll,
1163 2776 1225 2829 318.
1236 2805 1265 2816 -

160 2858 194 2925 11,
207 2863 231 2914 5.
249 2879 277 2935 p.
286 2860 342 2913 99.:
366 2858 401 2926 11
418 2877 463 2914 vv.
480 2857 548 2914 Aen.
566 2857 600 2926 ll,
617 2859 669 2913 368
682 2879 724 2934 sq.
744 2860 864 2935 (‚,poeta
883 2857 1093 2935 praecipuus“).
1116 2887 1149 2898 -
1175 2857 1209 2927 ll,
1227 2860 1265 2912 18.

160 2965 188 3022 p.
199 2946 273 3000 loa:
290 2942 384 3020 parod.
402 2942 470 2998 Aen.
489 2942 511 2996 ll
525 2945 582 2998 init.
603 2977 634 2986 -
654 2943 686 3012 ll,
702 2947 734 2999 19
747 2943 793 2999 inf.
812 2946 922 3020 p.1‹11.:
941 2944 1006 2997 imit.
1026 2942 1094 2999 Aen.
1111 2942 1147 3014 11,
1160 2948 1220 3000 755.
1235 2976 1265 2986 -

160 3029 206 3097 lll,
220 3031 243 3083 l.
261 3048 288 3105 p.
300 3030 359 3083 150.
373 3027 446 3098 (not.
456 3026 526 3098 32.):
546 3029 655 3084 eximit.
668 3029 734 3090 Aen.
748 3028 795 3095 IV,
809 3029 861 3084 688
874 3048 933 3104 sqq.
953 3062 986 3070 -
1004 3026 1043 3084 IV
1054 3029 1138 3107 praef.
1158 3051 1185 3108 p.
1195 3033 1264 3085 211.;

161 3133 185 3170 v.
202 3112 271 3169 Aen.
290 3111 392 3181 1,203,
416 3111 507 3189 (Virg.
525 3115 585 3192 ipse
603 3113 751 3185 landatur.)
781 3114 814 3170 cl.
834 3125 861 3170 et
882 3135 909 3191 p.
923 3116 985 3168 212.
1005 3113 1077 3184 (not.
1088 3114 1133 3185 8.)
1152 3117 1265 3172 eximit.

160 3199 258 3274 Georg.
277 3198 303 3265 l,
322 3203 374 3254 115
391 3219 451 3275 sqq.
474 3229 510 3242 ·-
538 3199 585 3268 IV,
604 3203 644 3255 15.
663 3221 689 3277 p.
699 3203 771 3257 254:
796 3199 947 3256 hemisticb.
965 3199 1033 3255 Aen.
1052 3199 1115 3270 Vll,
1134 3203 1196 3258 738.
1214 3221 1267 3256 non

161 3296 223 3363 apte
241 3283 363 3360 quidem,
386 3306 467 3360 quum
483 3285 528 3342 hic
547 3286 581 3342 de
599 3286 687 3354 Arno,
709 3307 759 3342 nec
777 3286 811 3342 de
829 3287 916 3342 Sarno
935 3285 1097 3364 Campaniae
1115 3307 1206 3342 sermo
1224 3290 1266 3344 sit.

161 3370 211 3440 (cl.
231 3369 282 3425 sub
300 3368 357 3424 Liv.
377 3369 453 3427 adh.
473 3369 491 3426 l.
511 3392 591 3450 supra
611 3393 667 3450 cap.
677 3376 702 3427 3.
722 3373 794 3442 §.9.)
817 3405 847 3415 -
874 3371 908 3441 V,
921 3376 946 3428 5.
964 3395 990 3449 p.
1001 3376 1062 3429 297.
1081 3374 1158 3444 (not.
1171 3374 1211 3442 9.)
1236 3392 1267 3428 ex

160 3459 226 3512 imit.
244 3454 312 3511 Aen.
331 3455 438 3524 11126.
456 3487 491 3498 -
510 3456 543 3524 V,
558 3460 598 3513 16.
617 3478 643 3535 p.
653 3461 715 3515 328.
734 3459 807 3529 (not.
819 3457 873 3526 ll.)
893 3478 927 3515 ex
944 3460 1010 3514 imit.
1026 3459 1095 3515 Aen.
1113 3457 1163 3528 lx,
1175 3462 1220 3516 68.
1235 3486 1266 3499 -

160 3541 196 3609 V,
213 3544 254 3596 19.
277 3561 304 3617 p.
319 3543 380 3598 345.
404 3540 478 3612 (not.
491 3541 553 3612 34)
576 3575 610 3584 -
638 3543 672 3612 V,
689 3546 732 3600 24.
755 3563 783 3620 p.
797 3546 858 3599 361,
881 3544 955 3614 (not.
969 3547 1030 3612 23.)
1053 3547 1120 3601 imit.
1145 3544 1214 3602 Aen.
1232 3544 1266 3611 X,

160 3629 214 3684 809
225 3625 280 3699 (l).
304 3656 338 3666 —
361 3625 408 3695 Vl,
422 3632 446 3683 1.
464 3649 490 3703 p.
500 3631 552 3683 367
567 3638 593 3684 et
604 3631 679 3685 370.ε
697 3649 740 3687 vv.
752 3629 818 3685 Aen.
831 3628 864 3697 ll,
877 3632 929 3685 351
941 3650 985 3706 sq.
1007 3665 1041 3675 -
1065 3630 1110 3700 Vl,
1123 3636 1151 3687 2.
1170 3653 1197 3709 p.
1207 3634 1266 3688 375.

161 3715 234 3784 (not.
247 3711 308 3782 57.)
330 3715 397 3769 imit.
415 3713 483 3769 Aen.
501 3713 548 3782 lv,
566 3717 602 3770 53
619 3715 672 3786 (i).
697 3747 732 3758 -
755 3713 801 3784 Vl,
816 3719 855 3771 15.
875 3737 902 3793 p.
912 3720 986 3773 tls:
1009 3739 1035 3774 v.
1053 3717 1122 3774 Aen.
1142 3717 1189 3785 111,
1206 3720 1266 3772 452.

160 3799 225 3856 ibid.
243 3819 270 3876 p.
280 3801 354 3857 tls:
372 3820 398 3856 v.
412 3798 509 3876 Georg.
522 3800 555 3868 11,
570 3803 628 3856 193.
640 3830 676 3842 -
694 3800 753 3869 Vll,
766 3804 791 3856 4.
808 3822 834 3878 p.
845 3803 918 3857 462:
939 3800 991 3872 (de
1004 3800 1109 3858 Christi
1120 3799 1266 3880 passione)

160 3904 186 3942 v.
199 3885 296 3961 Georg.
313 3884 334 3953 l,
348 3887 407 3942 468.

230 3970 331 4027 Tribus
345 3973 373 4026 in
385 3970 454 4027 locis
471 3971 534 4044 (111,
546 3977 590 4030 23.
609 3976 714 4051 palo,
732 3971 766 4041 V,
778 3978 804 4030 2.
822 3993 849 4051 p.
859 3974 920 4030 288.
938 3982 966 4029 et
982 3971 1040 4043 Vll,
1052 3977 1077 4031 5.
1096 3995 1123 4053 p.
1133 3976 1210 4047 464.)
1231 3973 1266 4044 id,

159 4056 233 4132 quod
250 4058 303 4112 iam
320 4056 438 4114 editores
453 4057 547 4115 Orosii
563 4061 703 4134 ignorasse
719 4058 854 4127 videntur,
871 4069 979 4138 poetam
994 4061 1041 4120 ¹vel
1058 4071 1156 4139 poetas
1167 4063 1214 4119 ihi
1233 4061 1268 4118 al-

158 4141 273 4199 latorum
291 4162 425 4211 versuum,
443 4144 541 4201 frustra
561 4165 609 4221 ego
629 4164 736 4222 quoqne
753 4147 920 4222 investigavi.

227 4229 261 4298 6)
279 4227 409 4306 Exempla
427 4230 536 4306 collegit
554 4230 676 4289 Grnhitz.
696 4252 744 4287 em.
763 4231 843 4290 Oros.
863 4254 889 4311 p.
902 4236 942 4290 10.
