<?xml version="1.0" encoding="UTF-8"?>
<!DOCTYPE html PUBLIC "-//W3C//DTD XHTML 1.0 Transitional//EN"
    "http://www.w3.org/TR/xhtml1/DTD/xhtml1-transitional.dtd">
<html xmlns="http://www.w3.org/1999/xhtml" xml:lang="en" lang="en">
 <head>
  <title>
</title>
<meta http-equiv="Content-Type" content="text/html;charset=utf-8" />
  <meta name='ocr-system' content='tesseract 3.04.00' />
  <meta name='ocr-capabilities' content='ocr_page ocr_carea ocr_par ocr_line ocrx_word'/>
</head>
<body>
  <div class='ocr_page' id='page_1' title='image "./deorosiivitaeiu00mrgoog_0153.png"; bbox 0 0 2640 4764; ppageno 0'>
   <div class='ocr_carea' id='block_1_1' title="bbox 634 233 698 300">
    <p class='ocr_par' dir='ltr' id='par_1_1' title="bbox 634 233 698 300">
     <span class='ocr_line' id='line_1_1' title="bbox 634 233 698 300; baseline 0 0"><span class='ocrx_word' id='word_1_1' title='bbox 634 233 698 300; x_wconf 78' lang='lat'><strong>140</strong></span> 
     </span>
    </p>
   </div>
   <div class='ocr_carea' id='block_1_2' title="bbox 107 407 1222 1776">
    <p class='ocr_par' dir='ltr' id='par_1_2' title="bbox 110 407 1218 572">
     <span class='ocr_line' id='line_1_2' title="bbox 181 407 1218 488; baseline 0 -22"><span class='ocrx_word' id='word_1_2' title='bbox 181 407 1218 488; x_wconf 43' lang='lat' dir='ltr'><strong>Vfflpwffimcmffifflmmmpffiuwfflmffiqmw</strong></span> 
     </span>
     <span class='ocr_line' id='line_1_3' title="bbox 110 493 935 572; baseline 0.002 -22"><span class='ocrx_word' id='word_1_3' title='bbox 110 513 175 550; x_wconf 86' lang='lat' dir='ltr'><strong>vero</strong></span> <span class='ocrx_word' id='word_1_4' title='bbox 193 496 307 571; x_wconf 86' lang='lat' dir='ltr'><strong>primum</strong></span> <span class='ocrx_word' id='word_1_5' title='bbox 324 493 359 550; x_wconf 83' lang='lat' dir='ltr'><strong>ad</strong></span> <span class='ocrx_word' id='word_1_6' title='bbox 377 515 447 551; x_wconf 91' lang='lat' dir='ltr'><strong>coss.</strong></span> <span class='ocrx_word' id='word_1_7' title='bbox 466 498 528 552; x_wconf 87' lang='lat' dir='ltr'><strong>anni</strong></span> <span class='ocrx_word' id='word_1_8' title='bbox 546 495 626 552; x_wconf 93' lang='lat' dir='ltr'><strong>modo</strong></span> <span class='ocrx_word' id='word_1_9' title='bbox 645 496 796 572; x_wconf 75' lang='lat' dir='ltr'>praegressi</span> <span class='ocrx_word' id='word_1_10' title='bbox 814 495 935 552; x_wconf 84' lang='lat' dir='ltr'><strong>relatum.</strong></span> 
     </span>
    </p>

    <p class='ocr_par' dir='ltr' id='par_1_3' title="bbox 110 579 1222 736">
     <span class='ocr_line' id='line_1_4' title="bbox 181 579 1222 657; baseline 0 -21"><span class='ocrx_word' id='word_1_11' title='bbox 181 579 1222 657; x_wconf 51' lang='lat' dir='ltr'><strong>mefflpfflhfflmffimfflmmcmffisfflaffld</strong></span> 
     </span>
     <span class='ocr_line' id='line_1_5' title="bbox 110 665 411 736; baseline 0 -14"><span class='ocrx_word' id='word_1_12' title='bbox 110 665 411 736; x_wconf 65' lang='lat' dir='ltr'><strong>mffimamdmmm]</strong></span> 
     </span>
    </p>

    <p class='ocr_par' dir='ltr' id='par_1_4' title="bbox 109 751 1220 914">
     <span class='ocr_line' id='line_1_6' title="bbox 180 751 1220 829; baseline 0.002 -21"><span class='ocrx_word' id='word_1_13' title='bbox 180 751 1220 829; x_wconf 51' lang='lat' dir='ltr'><strong>WfflmpfflmwsswmmMNMcfflffifflMMn</strong></span> 
     </span>
     <span class='ocr_line' id='line_1_7' title="bbox 109 837 374 914; baseline 0 -20"><span class='ocrx_word' id='word_1_14' title='bbox 109 837 212 895; x_wconf 88' lang='lat' dir='ltr'><strong>Nostro</strong></span> <span class='ocrx_word' id='word_1_15' title='bbox 234 837 374 914; x_wconf 82' lang='lat' dir='ltr'><strong>longiora]</strong></span> 
     </span>
    </p>

    <p class='ocr_par' dir='ltr' id='par_1_5' title="bbox 181 923 1210 1002">
     <span class='ocr_line' id='line_1_8' title="bbox 181 923 1210 1002; baseline 0.001 -22"><span class='ocrx_word' id='word_1_16' title='bbox 181 923 1210 1002; x_wconf 52' lang='lat' dir='ltr'><strong>[memffimwOmNssQffifflmqummmmss</strong></span> 
     </span>
    </p>

    <p class='ocr_par' dir='ltr' id='par_1_6' title="bbox 109 1009 1216 1174">
     <span class='ocr_line' id='line_1_9' title="bbox 182 1009 1216 1088; baseline 0 -20"><span class='ocrx_word' id='word_1_17' title='bbox 182 1009 1216 1088; x_wconf 47' lang='lat' dir='ltr'><strong>KffipfflwsswffihmfflfflffifflfflffiffimMmmOm</strong></span> 
     </span>
     <span class='ocr_line' id='line_1_10' title="bbox 109 1096 844 1174; baseline -0.001 -21"><span class='ocrx_word' id='word_1_18' title='bbox 109 1117 125 1153; x_wconf 90' lang='lat' dir='ltr'><strong>e</strong></span> <span class='ocrx_word' id='word_1_19' title='bbox 144 1099 187 1154; x_wconf 78' lang='lat'><strong>97.</strong></span> <span class='ocrx_word' id='word_1_20' title='bbox 219 1096 335 1167; x_wconf 78' lang='lat' dir='ltr'><strong>[fusiora</strong></span> <span class='ocrx_word' id='word_1_21' title='bbox 354 1099 381 1152; x_wconf 91' lang='lat' dir='ltr'><strong>in</strong></span> <span class='ocrx_word' id='word_1_22' title='bbox 400 1096 515 1165; x_wconf 85' lang='lat' dir='ltr'><strong>Nostro,</strong></span> <span class='ocrx_word' id='word_1_23' title='bbox 533 1107 671 1174; x_wconf 88' lang='lat' dir='ltr'><strong>praeterea</strong></span> <span class='ocrx_word' id='word_1_24' title='bbox 689 1096 844 1167; x_wconf 73' lang='lat' dir='ltr'><strong>simillima]</strong></span> 
     </span>
    </p>

    <p class='ocr_par' dir='ltr' id='par_1_7' title="bbox 108 1181 1217 1431">
     <span class='ocr_line' id='line_1_11' title="bbox 178 1181 1217 1261; baseline -0.001 -22"><span class='ocrx_word' id='word_1_25' title='bbox 178 1183 279 1239; x_wconf 87' lang='lat' dir='ltr'><strong>Eadem</strong></span> <span class='ocrx_word' id='word_1_26' title='bbox 297 1182 556 1239; x_wconf 85' lang='lat' dir='ltr'><strong>animadvertuntur:</strong></span> <span class='ocrx_word' id='word_1_27' title='bbox 580 1182 613 1251; x_wconf 86' lang='lat' dir='ltr'><strong>V,</strong></span> <span class='ocrx_word' id='word_1_28' title='bbox 628 1185 668 1238; x_wconf 82' lang='lat'><strong>18.</strong></span> <span class='ocrx_word' id='word_1_29' title='bbox 692 1186 803 1261; x_wconf 69' lang='lat' dir='ltr'><strong>pseu:</strong></span> <span class='ocrx_word' id='word_1_30' title='bbox 828 1182 951 1260; x_wconf 81' lang='lat' dir='ltr'><strong>prodigia</strong></span> <span class='ocrx_word' id='word_1_31' title='bbox 969 1184 1029 1238; x_wconf 87' lang='lat' dir='ltr'><strong>init.</strong></span> <span class='ocrx_word' id='word_1_32' title='bbox 1048 1181 1118 1239; x_wconf 84' lang='lat' dir='ltr'><strong>belli</strong></span> <span class='ocrx_word' id='word_1_33' title='bbox 1137 1184 1217 1239; x_wconf 84' lang='lat' dir='ltr'><strong>socia·</strong></span> 
     </span>
     <span class='ocr_line' id='line_1_12' title="bbox 108 1267 1216 1346; baseline 0.001 -22"><span class='ocrx_word' id='word_1_34' title='bbox 108 1268 156 1335; x_wconf 84' lang='lat' dir='ltr'><strong>lis3</strong></span> <span class='ocrx_word' id='word_1_35' title='bbox 176 1270 203 1324; x_wconf 89' lang='lat' dir='ltr'><strong>in</strong></span> <span class='ocrx_word' id='word_1_36' title='bbox 222 1268 289 1324; x_wconf 91' lang='lat' dir='ltr'><strong>Obs.</strong></span> <span class='ocrx_word' id='word_1_37' title='bbox 310 1289 332 1324; x_wconf 91' lang='lat' dir='ltr'><strong>c.</strong></span> <span class='ocrx_word' id='word_1_38' title='bbox 344 1271 401 1323; x_wconf 75' lang='lat' dir='ltr'><strong>lit.</strong></span> <span class='ocrx_word' id='word_1_39' title='bbox 423 1268 500 1338; x_wconf 86' lang='lat' dir='ltr'><strong>[loco</strong></span> <span class='ocrx_word' id='word_1_40' title='bbox 519 1270 592 1324; x_wconf 88' lang='lat' dir='ltr'><strong>varie</strong></span> <span class='ocrx_word' id='word_1_41' title='bbox 610 1269 759 1346; x_wconf 84' lang='lat' dir='ltr'><strong>corrupto]</strong></span> <span class='ocrx_word' id='word_1_42' title='bbox 778 1267 844 1325; x_wconf 84' lang='lat' dir='ltr'><strong>ibid.</strong></span> <span class='ocrx_word' id='word_1_43' title='bbox 863 1290 889 1346; x_wconf 92' lang='lat' dir='ltr'><strong>p.</strong></span> <span class='ocrx_word' id='word_1_44' title='bbox 899 1271 970 1338; x_wconf 81' lang='lat'><strong>336,</strong></span> <span class='ocrx_word' id='word_1_45' title='bbox 988 1270 1018 1324; x_wconf 88' lang='lat' dir='ltr'><strong>iu</strong></span> <span class='ocrx_word' id='word_1_46' title='bbox 1032 1267 1103 1325; x_wconf 86' lang='lat' dir='ltr'><strong>obs.</strong></span> <span class='ocrx_word' id='word_1_47' title='bbox 1124 1291 1148 1326; x_wconf 86' lang='lat' dir='ltr'><strong>c.</strong></span> <span class='ocrx_word' id='word_1_48' title='bbox 1161 1269 1216 1325; x_wconf 86' lang='lat' dir='ltr'><strong>eod</strong></span> 
     </span>
     <span class='ocr_line' id='line_1_13' title="bbox 109 1353 818 1431; baseline 0 -21"><span class='ocrx_word' id='word_1_49' title='bbox 109 1363 175 1410; x_wconf 83' lang='lat' dir='ltr'><strong>extr.</strong></span> <span class='ocrx_word' id='word_1_50' title='bbox 196 1354 260 1424; x_wconf 89' lang='lat' dir='ltr'><strong>[ubi</strong></span> <span class='ocrx_word' id='word_1_51' title='bbox 278 1353 379 1410; x_wconf 81' lang='lat' dir='ltr'><strong>Noster</strong></span> <span class='ocrx_word' id='word_1_52' title='bbox 397 1354 575 1429; x_wconf 82' lang='lat' dir='ltr'><strong>Augustinum</strong></span> <span class='ocrx_word' id='word_1_53' title='bbox 592 1354 652 1410; x_wconf 92' lang='lat' dir='ltr'><strong>aliis</strong></span> <span class='ocrx_word' id='word_1_54' title='bbox 670 1355 818 1431; x_wconf 83' lang='lat' dir='ltr'><strong>praetulit]</strong></span> 
     </span>
    </p>

    <p class='ocr_par' dir='ltr' id='par_1_8' title="bbox 107 1439 1215 1776">
     <span class='ocr_line' id='line_1_14' title="bbox 178 1439 1215 1518; baseline 0.001 -23"><span class='ocrx_word' id='word_1_55' title='bbox 178 1439 1215 1518; x_wconf 47' lang='lat' dir='ltr'><strong>Pwmmmffimfflmfflsthffimmmhmi</strong></span> 
     </span>
     <span class='ocr_line' id='line_1_15' title="bbox 108 1524 1214 1594; baseline -0.001 -11"><span class='ocrx_word' id='word_1_56' title='bbox 108 1524 1214 1594; x_wconf 57' lang='lat' dir='ltr'><strong>Omclffimdfflmmvhstfinmmwffiofflmewfflme</strong></span> 
     </span>
     <span class='ocr_line' id='line_1_16' title="bbox 109 1610 1214 1690; baseline 0 -23"><span class='ocrx_word' id='word_1_57' title='bbox 109 1610 1214 1690; x_wconf 45' lang='lat' dir='ltr'><strong>HQmmmssfflpfflmmewQOmfflm</strong></span> 
     </span>
     <span class='ocr_line' id='line_1_17' title="bbox 107 1697 1214 1776; baseline 0.002 -22"><span class='ocrx_word' id='word_1_58' title='bbox 107 1709 227 1768; x_wconf 81' lang='lat' dir='ltr'><strong>mortuo,</strong></span> <span class='ocrx_word' id='word_1_59' title='bbox 249 1701 364 1776; x_wconf 80' lang='lat' dir='ltr'><strong>primam</strong></span> <span class='ocrx_word' id='word_1_60' title='bbox 381 1697 494 1754; x_wconf 80' lang='lat' dir='ltr'><strong>Romam</strong></span> <span class='ocrx_word' id='word_1_61' title='bbox 515 1700 631 1766; x_wconf 86' lang='lat' dir='ltr'><strong>veniret,</strong></span> <span class='ocrx_word' id='word_1_62' title='bbox 654 1697 781 1766; x_wconf 87' lang='lat' dir='ltr'><strong>eundem,</strong></span> <span class='ocrx_word' id='word_1_63' title='bbox 804 1718 859 1753; x_wconf 88' lang='lat' dir='ltr'><strong>non</strong></span> <span class='ocrx_word' id='word_1_64' title='bbox 878 1700 915 1753; x_wconf 88' lang='lat' dir='ltr'><strong>ita</strong></span> <span class='ocrx_word' id='word_1_65' title='bbox 933 1697 1042 1774; x_wconf 85' lang='lat' dir='ltr'><strong>quidem</strong></span> <span class='ocrx_word' id='word_1_66' title='bbox 1061 1698 1214 1766; x_wconf 84' lang='lat' dir='ltr'><strong>dilucidum,</strong></span> 
     </span>
    </p>
   </div>
   <div class='ocr_carea' id='block_1_3' title="bbox 109 1785 813 2011">
    <p class='ocr_par' dir='ltr' id='par_1_9' title="bbox 109 1785 813 2011">
     <span class='ocr_line' id='line_1_18' title="bbox 109 1785 222 1854; baseline 0 -14"><span class='ocrx_word' id='word_1_67' title='bbox 109 1805 131 1840; x_wconf 85' lang='lat' dir='ltr'><strong>e.</strong></span> <span class='ocrx_word' id='word_1_68' title='bbox 147 1785 222 1854; x_wconf 65' lang='lat'>128]</span> 
     </span>
     <span class='ocr_line' id='line_1_19' title="bbox 507 1939 813 2011; baseline 0 -15"><span class='ocrx_word' id='word_1_69' title='bbox 507 1941 594 2011; x_wconf 53' lang='lat' dir='ltr'><strong>§IL</strong></span> <span class='ocrx_word' id='word_1_70' title='bbox 634 1939 813 1997; x_wconf 71' lang='lat' dir='ltr'><strong>inossvs</strong></span> 
     </span>
    </p>
   </div>
   <div class='ocr_carea' id='block_1_4' title="bbox 104 2057 1214 4326">
    <p class='ocr_par' dir='ltr' id='par_1_10' title="bbox 104 2057 1214 4326">
     <span class='ocr_line' id='line_1_20' title="bbox 195 2057 1214 2146; baseline -0.002 -23"><span class='ocrx_word' id='word_1_71' title='bbox 195 2059 347 2145; x_wconf 84' lang='lat' dir='ltr'><strong>Quamvis</strong></span> <span class='ocrx_word' id='word_1_72' title='bbox 371 2082 472 2146; x_wconf 88' lang='lat' dir='ltr'><strong>aeque</strong></span> <span class='ocrx_word' id='word_1_73' title='bbox 495 2072 588 2146; x_wconf 87' lang='lat' dir='ltr'><strong>atque</strong></span> <span class='ocrx_word' id='word_1_74' title='bbox 612 2059 744 2124; x_wconf 89' lang='lat' dir='ltr'><strong>aliorum</strong></span> <span class='ocrx_word' id='word_1_75' title='bbox 767 2081 828 2124; x_wconf 90' lang='lat' dir='ltr'><strong>nec</strong></span> <span class='ocrx_word' id='word_1_76' title='bbox 844 2057 934 2123; x_wconf 91' lang='lat' dir='ltr'><strong>Flori</strong></span> <span class='ocrx_word' id='word_1_77' title='bbox 956 2080 1092 2145; x_wconf 87' lang='lat' dir='ltr'><strong>usquam</strong></span> <span class='ocrx_word' id='word_1_78' title='bbox 1113 2062 1214 2124; x_wconf 89' lang='lat' dir='ltr'><strong>memi-</strong></span> 
     </span>
     <span class='ocr_line' id='line_1_21' title="bbox 107 2166 1213 2250; baseline -0.001 -23"><span class='ocrx_word' id='word_1_79' title='bbox 107 2167 190 2228; x_wconf 86' lang='lat' dir='ltr'><strong>nerit</strong></span> <span class='ocrx_word' id='word_1_80' title='bbox 212 2166 364 2243; x_wconf 89' lang='lat' dir='ltr'><strong>Orosius,</strong></span> <span class='ocrx_word' id='word_1_81' title='bbox 388 2176 493 2229; x_wconf 88' lang='lat' dir='ltr'><strong>tamen</strong></span> <span class='ocrx_word' id='word_1_82' title='bbox 516 2167 711 2250; x_wconf 87' lang='lat' dir='ltr'><strong>apertissime</strong></span> <span class='ocrx_word' id='word_1_83' title='bbox 734 2186 771 2227; x_wconf 92' lang='lat' dir='ltr'><strong>ac</strong></span> <span class='ocrx_word' id='word_1_84' title='bbox 793 2166 976 2249; x_wconf 90' lang='lat' dir='ltr'><strong>saepissime</strong></span> <span class='ocrx_word' id='word_1_85' title='bbox 1000 2166 1116 2227; x_wconf 86' lang='lat' dir='ltr'><strong>ascivit</strong></span> <span class='ocrx_word' id='word_1_86' title='bbox 1139 2185 1213 2242; x_wconf 88' lang='lat' dir='ltr'><strong>eum,</strong></span> 
     </span>
     <span class='ocr_line' id='line_1_22' title="bbox 108 2265 1213 2352; baseline 0 -21"><span class='ocrx_word' id='word_1_87' title='bbox 108 2288 212 2352; x_wconf 87' lang='lat' dir='ltr'><strong>eoque</strong></span> <span class='ocrx_word' id='word_1_88' title='bbox 241 2291 316 2332; x_wconf 92' lang='lat' dir='ltr'><strong>usus</strong></span> <span class='ocrx_word' id='word_1_89' title='bbox 347 2280 402 2333; x_wconf 88' lang='lat' dir='ltr'><strong>est.</strong></span> <span class='ocrx_word' id='word_1_90' title='bbox 456 2269 556 2334; x_wconf 89' lang='lat' dir='ltr'><strong>Cuius</strong></span> <span class='ocrx_word' id='word_1_91' title='bbox 582 2270 629 2330; x_wconf 89' lang='lat' dir='ltr'><strong>rei</strong></span> <span class='ocrx_word' id='word_1_92' title='bbox 653 2266 842 2332; x_wconf 87' lang='lat' dir='ltr'><strong>documenta</strong></span> <span class='ocrx_word' id='word_1_93' title='bbox 865 2288 942 2330; x_wconf 88' lang='lat' dir='ltr'><strong>sane</strong></span> <span class='ocrx_word' id='word_1_94' title='bbox 965 2265 1213 2331; x_wconf 85' lang='lat' dir='ltr'><strong>luculentissima</strong></span> 
     </span>
     <span class='ocr_line' id='line_1_23' title="bbox 106 2369 1213 2458; baseline 0 -24"><span class='ocrx_word' id='word_1_95' title='bbox 106 2371 233 2458; x_wconf 88' lang='lat' dir='ltr'><strong>plurimi</strong></span> <span class='ocrx_word' id='word_1_96' title='bbox 257 2383 379 2436; x_wconf 80' lang='lat' dir='ltr'><strong>exstant</strong></span> <span class='ocrx_word' id='word_1_97' title='bbox 401 2372 441 2436; x_wconf 93' lang='lat' dir='ltr'><strong>ab</strong></span> <span class='ocrx_word' id='word_1_98' title='bbox 465 2371 521 2435; x_wconf 91' lang='lat' dir='ltr'><strong>illo</strong></span> <span class='ocrx_word' id='word_1_99' title='bbox 546 2369 687 2435; x_wconf 84' lang='lat' dir='ltr'><strong>translati</strong></span> <span class='ocrx_word' id='word_1_100' title='bbox 711 2370 782 2449; x_wconf 89' lang='lat' dir='ltr'><strong>loci,</strong></span> <span class='ocrx_word' id='word_1_101' title='bbox 806 2371 1001 2436; x_wconf 88' lang='lat' dir='ltr'><strong>sufficientes</strong></span> <span class='ocrx_word' id='word_1_102' title='bbox 1020 2391 1150 2455; x_wconf 87' lang='lat' dir='ltr'><strong>semper</strong></span> <span class='ocrx_word' id='word_1_103' title='bbox 1166 2369 1213 2434; x_wconf 90' lang='lat' dir='ltr'><strong>ad·</strong></span> 
     </span>
     <span class='ocr_line' id='line_1_24' title="bbox 106 2474 1213 2561; baseline 0 -23"><span class='ocrx_word' id='word_1_104' title='bbox 106 2475 181 2552; x_wconf 88' lang='lat' dir='ltr'><strong>huc,</strong></span> <span class='ocrx_word' id='word_1_105' title='bbox 210 2477 330 2539; x_wconf 88' lang='lat' dir='ltr'><strong>etiarnsi</strong></span> <span class='ocrx_word' id='word_1_106' title='bbox 359 2478 393 2540; x_wconf 91' lang='lat' dir='ltr'><strong>in</strong></span> <span class='ocrx_word' id='word_1_107' title='bbox 415 2487 505 2561; x_wconf 89' lang='lat' dir='ltr'><strong>parte</strong></span> <span class='ocrx_word' id='word_1_108' title='bbox 529 2497 638 2539; x_wconf 88' lang='lat' dir='ltr'><strong>eorum</strong></span> <span class='ocrx_word' id='word_1_109' title='bbox 661 2474 896 2539; x_wconf 88' lang='lat' dir='ltr'><strong>similitudinem</strong></span> <span class='ocrx_word' id='word_1_110' title='bbox 919 2479 1002 2538; x_wconf 88' lang='lat' dir='ltr'><strong>inter</strong></span> <span class='ocrx_word' id='word_1_111' title='bbox 1026 2474 1165 2540; x_wconf 87' lang='lat' dir='ltr'><strong>Florum</strong></span> <span class='ocrx_word' id='word_1_112' title='bbox 1188 2484 1213 2538; x_wconf 85' lang='lat' dir='ltr'><strong>et</strong></span> 
     </span>
     <span class='ocr_line' id='line_1_25' title="bbox 106 2577 1213 2664; baseline -0.003 -19"><span class='ocrx_word' id='word_1_113' title='bbox 106 2579 258 2645; x_wconf 91' lang='lat' dir='ltr'><strong>Orosium</strong></span> <span class='ocrx_word' id='word_1_114' title='bbox 286 2579 535 2644; x_wconf 81' lang='lat' dir='ltr'><strong>intercedentem</strong></span> <span class='ocrx_word' id='word_1_115' title='bbox 565 2601 632 2644; x_wconf 91' lang='lat' dir='ltr'><strong>non</strong></span> <span class='ocrx_word' id='word_1_116' title='bbox 661 2589 723 2642; x_wconf 88' lang='lat' dir='ltr'><strong>tam</strong></span> <span class='ocrx_word' id='word_1_117' title='bbox 753 2600 790 2642; x_wconf 84' lang='lat' dir='ltr'><strong>ex</strong></span> <span class='ocrx_word' id='word_1_118' title='bbox 818 2578 875 2642; x_wconf 93' lang='lat' dir='ltr'><strong>illo</strong></span> <span class='ocrx_word' id='word_1_119' title='bbox 904 2577 943 2642; x_wconf 90' lang='lat' dir='ltr'><strong>ab</strong></span> <span class='ocrx_word' id='word_1_120' title='bbox 966 2579 1030 2641; x_wconf 91' lang='lat' dir='ltr'><strong>hoc</strong></span> <span class='ocrx_word' id='word_1_121' title='bbox 1053 2589 1213 2664; x_wconf 90' lang='lat' dir='ltr'><strong>usurpato,</strong></span> 
     </span>
     <span class='ocr_line' id='line_1_26' title="bbox 106 2680 1213 2769; baseline -0.003 -22"><span class='ocrx_word' id='word_1_122' title='bbox 106 2704 198 2768; x_wconf 90' lang='lat' dir='ltr'><strong>quam</strong></span> <span class='ocrx_word' id='word_1_123' title='bbox 222 2706 239 2747; x_wconf 87' lang='lat' dir='ltr'><strong>e</strong></span> <span class='ocrx_word' id='word_1_124' title='bbox 263 2687 421 2748; x_wconf 89' lang='lat' dir='ltr'><strong>communi</strong></span> <span class='ocrx_word' id='word_1_125' title='bbox 443 2687 606 2769; x_wconf 90' lang='lat' dir='ltr'><strong>utriusque</strong></span> <span class='ocrx_word' id='word_1_126' title='bbox 630 2683 720 2747; x_wconf 89' lang='lat' dir='ltr'><strong>fonte</strong></span> <span class='ocrx_word' id='word_1_127' title='bbox 737 2680 893 2767; x_wconf 85' lang='lat' dir='ltr'><strong>explicare</strong></span> <span class='ocrx_word' id='word_1_128' title='bbox 907 2680 1052 2745; x_wconf 87' lang='lat' dir='ltr'><strong>velimus.</strong></span> <span class='ocrx_word' id='word_1_129' title='bbox 1094 2685 1213 2747; x_wconf 87' lang='lat' dir='ltr'><strong>Tamen</strong></span> 
     </span>
     <span class='ocr_line' id='line_1_27' title="bbox 105 2784 1212 2875; baseline -0.002 -25"><span class='ocrx_word' id='word_1_130' title='bbox 105 2786 266 2875; x_wconf 81' lang='lat' dir='ltr'><strong>singulare</strong></span> <span class='ocrx_word' id='word_1_131' title='bbox 289 2787 448 2872; x_wconf 87' lang='lat' dir='ltr'><strong>quoddam</strong></span> <span class='ocrx_word' id='word_1_132' title='bbox 472 2799 612 2873; x_wconf 88' lang='lat' dir='ltr'><strong>apparet,</strong></span> <span class='ocrx_word' id='word_1_133' title='bbox 636 2797 792 2871; x_wconf 89' lang='lat' dir='ltr'><strong>quatenus</strong></span> <span class='ocrx_word' id='word_1_134' title='bbox 815 2786 882 2850; x_wconf 86' lang='lat' dir='ltr'><strong>iere</strong></span> <span class='ocrx_word' id='word_1_135' title='bbox 904 2785 1020 2850; x_wconf 80' lang='lat' dir='ltr'><strong>Florus</strong></span> <span class='ocrx_word' id='word_1_136' title='bbox 1044 2784 1088 2849; x_wconf 94' lang='lat' dir='ltr'><strong>ad</strong></span> <span class='ocrx_word' id='word_1_137' title='bbox 1110 2796 1212 2871; x_wconf 89' lang='lat' dir='ltr'><strong>partes</strong></span> 
     </span>
     <span class='ocr_line' id='line_1_28' title="bbox 104 2888 1213 2976; baseline -0.002 -20"><span class='ocrx_word' id='word_1_138' title='bbox 104 2905 237 2956; x_wconf 86' lang='lat' dir='ltr'><strong>vocatus</strong></span> <span class='ocrx_word' id='word_1_139' title='bbox 260 2896 313 2955; x_wconf 89' lang='lat' dir='ltr'><strong>sit:</strong></span> <span class='ocrx_word' id='word_1_140' title='bbox 336 2891 456 2955; x_wconf 87' lang='lat' dir='ltr'><strong>scilicet</strong></span> <span class='ocrx_word' id='word_1_141' title='bbox 478 2913 631 2976; x_wconf 90' lang='lat' dir='ltr'><strong>nusquam</strong></span> <span class='ocrx_word' id='word_1_142' title='bbox 653 2889 762 2967; x_wconf 81' lang='lat' dir='ltr'><strong>ferme,</strong></span> <span class='ocrx_word' id='word_1_143' title='bbox 785 2911 827 2952; x_wconf 91' lang='lat' dir='ltr'><strong>ne</strong></span> <span class='ocrx_word' id='word_1_144' title='bbox 849 2888 1015 2953; x_wconf 89' lang='lat' dir='ltr'><strong>simillimis</strong></span> <span class='ocrx_word' id='word_1_145' title='bbox 1037 2889 1168 2974; x_wconf 87' lang='lat' dir='ltr'><strong>quidem</strong></span> <span class='ocrx_word' id='word_1_146' title='bbox 1183 2894 1213 2954; x_wconf 90' lang='lat' dir='ltr'><strong>in</strong></span> 
     </span>
     <span class='ocr_line' id='line_1_29' title="bbox 104 2991 1213 3078; baseline 0 -19"><span class='ocrx_word' id='word_1_147' title='bbox 104 2994 201 3074; x_wconf 90' lang='lat' dir='ltr'><strong>locis,</strong></span> <span class='ocrx_word' id='word_1_148' title='bbox 231 2995 330 3058; x_wconf 80' lang='lat' dir='ltr'><strong>Floro</strong></span> <span class='ocrx_word' id='word_1_149' title='bbox 360 2995 433 3058; x_wconf 92' lang='lat' dir='ltr'><strong>solo</strong></span> <span class='ocrx_word' id='word_1_150' title='bbox 464 2999 561 3058; x_wconf 89' lang='lat' dir='ltr'><strong>utitur</strong></span> <span class='ocrx_word' id='word_1_151' title='bbox 583 2995 718 3071; x_wconf 86' lang='lat' dir='ltr'><strong>Noster,</strong></span> <span class='ocrx_word' id='word_1_152' title='bbox 747 2991 804 3056; x_wconf 93' lang='lat' dir='ltr'><strong>sed</strong></span> <span class='ocrx_word' id='word_1_153' title='bbox 834 3014 959 3078; x_wconf 88' lang='lat' dir='ltr'><strong>semper</strong></span> <span class='ocrx_word' id='word_1_154' title='bbox 984 3003 1109 3058; x_wconf 83' lang='lat' dir='ltr'><strong>tantum</strong></span> <span class='ocrx_word' id='word_1_155' title='bbox 1131 2997 1213 3060; x_wconf 86' lang='lat' dir='ltr'><strong>iuxta</strong></span> 
     </span>
     <span class='ocr_line' id='line_1_30' title="bbox 105 3090 1213 3185; baseline 0 -23"><span class='ocrx_word' id='word_1_156' title='bbox 105 3099 227 3163; x_wconf 87' lang='lat' dir='ltr'><strong>fontem</strong></span> <span class='ocrx_word' id='word_1_157' title='bbox 249 3120 339 3163; x_wconf 90' lang='lat' dir='ltr'><strong>suum</strong></span> <span class='ocrx_word' id='word_1_158' title='bbox 362 3100 543 3185; x_wconf 89' lang='lat' dir='ltr'><strong>principem,</strong></span> <span class='ocrx_word' id='word_1_159' title='bbox 565 3099 699 3161; x_wconf 89' lang='lat' dir='ltr'><strong>Livium.</strong></span> <span class='ocrx_word' id='word_1_160' title='bbox 732 3090 839 3162; x_wconf 53' lang='lat' dir='ltr'><strong>‘Cuius</strong></span> <span class='ocrx_word' id='word_1_161' title='bbox 860 3101 909 3160; x_wconf 89' lang='lat' dir='ltr'><strong>rei</strong></span> <span class='ocrx_word' id='word_1_162' title='bbox 932 3119 1026 3161; x_wconf 92' lang='lat' dir='ltr'><strong>causa</strong></span> <span class='ocrx_word' id='word_1_163' title='bbox 1049 3098 1139 3163; x_wconf 91' lang='lat' dir='ltr'><strong>haud</strong></span> <span class='ocrx_word' id='word_1_164' title='bbox 1163 3098 1213 3162; x_wconf 92' lang='lat' dir='ltr'><strong>du·</strong></span> 
     </span>
     <span class='ocr_line' id='line_1_31' title="bbox 104 3201 1212 3288; baseline -0.004 -20"><span class='ocrx_word' id='word_1_165' title='bbox 104 3203 158 3268; x_wconf 89' lang='lat' dir='ltr'><strong>bie</strong></span> <span class='ocrx_word' id='word_1_166' title='bbox 182 3202 303 3267; x_wconf 93' lang='lat' dir='ltr'><strong>duabus</strong></span> <span class='ocrx_word' id='word_1_167' title='bbox 327 3207 359 3267; x_wconf 91' lang='lat' dir='ltr'><strong>in</strong></span> <span class='ocrx_word' id='word_1_168' title='bbox 382 3202 476 3267; x_wconf 90' lang='lat' dir='ltr'><strong>rebus</strong></span> <span class='ocrx_word' id='word_1_169' title='bbox 499 3205 603 3287; x_wconf 92' lang='lat' dir='ltr'><strong>posita</strong></span> <span class='ocrx_word' id='word_1_170' title='bbox 627 3212 687 3265; x_wconf 91' lang='lat' dir='ltr'><strong>est:</strong></span> <span class='ocrx_word' id='word_1_171' title='bbox 710 3205 844 3286; x_wconf 90' lang='lat' dir='ltr'><strong>primum</strong></span> <span class='ocrx_word' id='word_1_172' title='bbox 862 3202 896 3263; x_wconf 92' lang='lat' dir='ltr'><strong>in</strong></span> <span class='ocrx_word' id='word_1_173' title='bbox 913 3201 1002 3265; x_wconf 81' lang='lat' dir='ltr'><strong>Flori</strong></span> <span class='ocrx_word' id='word_1_174' title='bbox 1018 3202 1132 3280; x_wconf 89' lang='lat' dir='ltr'><strong>forma,</strong></span> <span class='ocrx_word' id='word_1_175' title='bbox 1156 3223 1212 3288; x_wconf 92' lang='lat' dir='ltr'><strong>qua</strong></span> 
     </span>
     <span class='ocr_line' id='line_1_32' title="bbox 105 3305 1213 3392; baseline -0.003 -21"><span class='ocrx_word' id='word_1_176' title='bbox 105 3316 292 3392; x_wconf 84' lang='lat' dir='ltr'><strong>compensat</strong></span> <span class='ocrx_word' id='word_1_177' title='bbox 313 3327 380 3384; x_wconf 89' lang='lat' dir='ltr'><strong>res,</strong></span> <span class='ocrx_word' id='word_1_178' title='bbox 403 3327 463 3368; x_wconf 88' lang='lat' dir='ltr'><strong>nec</strong></span> <span class='ocrx_word' id='word_1_179' title='bbox 484 3306 582 3370; x_wconf 90' lang='lat' dir='ltr'><strong>modo</strong></span> <span class='ocrx_word' id='word_1_180' title='bbox 606 3327 685 3369; x_wconf 92' lang='lat' dir='ltr'><strong>non</strong></span> <span class='ocrx_word' id='word_1_181' title='bbox 709 3327 803 3390; x_wconf 89' lang='lat' dir='ltr'><strong>quae,</strong></span> <span class='ocrx_word' id='word_1_182' title='bbox 827 3315 943 3389; x_wconf 91' lang='lat' dir='ltr'><strong>quanta</strong></span> <span class='ocrx_word' id='word_1_183' title='bbox 967 3305 1139 3392; x_wconf 88' lang='lat' dir='ltr'><strong>qualiaque</strong></span> <span class='ocrx_word' id='word_1_184' title='bbox 1161 3325 1213 3368; x_wconf 88' lang='lat' dir='ltr'><strong>vo·</strong></span> 
     </span>
     <span class='ocr_line' id='line_1_33' title="bbox 104 3407 1213 3497; baseline 0.001 -24"><span class='ocrx_word' id='word_1_185' title='bbox 104 3409 216 3474; x_wconf 90' lang='lat' dir='ltr'><strong>luisset</strong></span> <span class='ocrx_word' id='word_1_186' title='bbox 237 3409 389 3486; x_wconf 87' lang='lat' dir='ltr'><strong>Orosius,</strong></span> <span class='ocrx_word' id='word_1_187' title='bbox 418 3407 474 3471; x_wconf 89' lang='lat' dir='ltr'><strong>sed</strong></span> <span class='ocrx_word' id='word_1_188' title='bbox 504 3412 597 3472; x_wconf 89' lang='lat' dir='ltr'><strong>etiam</strong></span> <span class='ocrx_word' id='word_1_189' title='bbox 625 3408 738 3473; x_wconf 91' lang='lat' dir='ltr'><strong>ordine</strong></span> <span class='ocrx_word' id='word_1_190' title='bbox 761 3414 887 3494; x_wconf 91' lang='lat' dir='ltr'><strong>saepius</strong></span> <span class='ocrx_word' id='word_1_191' title='bbox 910 3409 1068 3474; x_wconf 90' lang='lat' dir='ltr'><strong>mendoso</strong></span> <span class='ocrx_word' id='word_1_192' title='bbox 1092 3414 1213 3497; x_wconf 83' lang='lat' dir='ltr'><strong>vitupe-</strong></span> 
     </span>
     <span class='ocr_line' id='line_1_34' title="bbox 104 3510 1211 3598; baseline -0.001 -20"><span class='ocrx_word' id='word_1_193' title='bbox 104 3512 269 3598; x_wconf 90' lang='lat' dir='ltr'><strong>randoque</strong></span> <span class='ocrx_word' id='word_1_194' title='bbox 293 3511 418 3590; x_wconf 91' lang='lat' dir='ltr'><strong>collata,</strong></span> <span class='ocrx_word' id='word_1_195' title='bbox 441 3516 563 3576; x_wconf 89' lang='lat' dir='ltr'><strong>auctori</strong></span> <span class='ocrx_word' id='word_1_196' title='bbox 584 3523 696 3577; x_wconf 89' lang='lat' dir='ltr'><strong>nostro</strong></span> <span class='ocrx_word' id='word_1_197' title='bbox 720 3510 933 3590; x_wconf 92' lang='lat' dir='ltr'><strong>incommodo,</strong></span> <span class='ocrx_word' id='word_1_198' title='bbox 956 3513 1120 3598; x_wconf 81' lang='lat' dir='ltr'><strong>praebuit3</strong></span> <span class='ocrx_word' id='word_1_199' title='bbox 1150 3524 1211 3577; x_wconf 90' lang='lat' dir='ltr'><strong>tum</strong></span> 
     </span>
     <span class='ocr_line' id='line_1_35' title="bbox 104 3615 1211 3704; baseline -0.003 -23"><span class='ocrx_word' id='word_1_200' title='bbox 104 3620 138 3681; x_wconf 93' lang='lat' dir='ltr'><strong>in</strong></span> <span class='ocrx_word' id='word_1_201' title='bbox 165 3621 291 3682; x_wconf 88' lang='lat' dir='ltr'><strong>ratione</strong></span> <span class='ocrx_word' id='word_1_202' title='bbox 318 3617 417 3704; x_wconf 81' lang='lat' dir='ltr'><strong>longe</strong></span> <span class='ocrx_word' id='word_1_203' title='bbox 448 3615 672 3694; x_wconf 87' lang='lat' dir='ltr'><strong>diversissima,</strong></span> <span class='ocrx_word' id='word_1_204' title='bbox 702 3639 740 3680; x_wconf 85' lang='lat' dir='ltr'><strong>ex</strong></span> <span class='ocrx_word' id='word_1_205' title='bbox 769 3639 831 3702; x_wconf 87' lang='lat' dir='ltr'><strong>qua</strong></span> <span class='ocrx_word' id='word_1_206' title='bbox 857 3617 975 3681; x_wconf 86' lang='lat' dir='ltr'><strong>Florus</strong></span> <span class='ocrx_word' id='word_1_207' title='bbox 1004 3615 1108 3681; x_wconf 90' lang='lat' dir='ltr'><strong>libros</strong></span> <span class='ocrx_word' id='word_1_208' title='bbox 1139 3635 1211 3681; x_wconf 88' lang='lat' dir='ltr'><strong>suos</strong></span> 
     </span>
     <span class='ocr_line' id='line_1_36' title="bbox 105 3719 1212 3806; baseline -0.005 -19"><span class='ocrx_word' id='word_1_209' title='bbox 105 3723 329 3805; x_wconf 85' lang='lat' dir='ltr'><strong>composuerit,</strong></span> <span class='ocrx_word' id='word_1_210' title='bbox 352 3731 486 3806; x_wconf 87' lang='lat' dir='ltr'><strong>atquae</strong></span> <span class='ocrx_word' id='word_1_211' title='bbox 509 3720 640 3783; x_wconf 89' lang='lat' dir='ltr'><strong>formam</strong></span> <span class='ocrx_word' id='word_1_212' title='bbox 665 3723 757 3783; x_wconf 88' lang='lat' dir='ltr'><strong>etiam</strong></span> <span class='ocrx_word' id='word_1_213' title='bbox 782 3724 888 3805; x_wconf 89' lang='lat' dir='ltr'><strong>operis</strong></span> <span class='ocrx_word' id='word_1_214' title='bbox 912 3719 1122 3806; x_wconf 90' lang='lat' dir='ltr'><strong>suppeditans</strong></span> <span class='ocrx_word' id='word_1_215' title='bbox 1143 3741 1212 3784; x_wconf 89' lang='lat' dir='ltr'><strong>nus-</strong></span> 
     </span>
     <span class='ocr_line' id='line_1_37' title="bbox 104 3822 1211 3911; baseline -0.003 -22"><span class='ocrx_word' id='word_1_216' title='bbox 104 3847 196 3911; x_wconf 82' lang='lat' dir='ltr'><strong>quam</strong></span> <span class='ocrx_word' id='word_1_217' title='bbox 230 3846 297 3889; x_wconf 93' lang='lat' dir='ltr'><strong>non</strong></span> <span class='ocrx_word' id='word_1_218' title='bbox 331 3822 444 3887; x_wconf 86' lang='lat' dir='ltr'><strong>elucet.</strong></span> <span class='ocrx_word' id='word_1_219' title='bbox 500 3824 582 3887; x_wconf 91' lang='lat' dir='ltr'><strong>Nam</strong></span> <span class='ocrx_word' id='word_1_220' title='bbox 614 3825 660 3888; x_wconf 90' lang='lat' dir='ltr'><strong>uti</strong></span> <span class='ocrx_word' id='word_1_221' title='bbox 689 3822 827 3888; x_wconf 90' lang='lat' dir='ltr'><strong>Orosius</strong></span> <span class='ocrx_word' id='word_1_222' title='bbox 856 3827 1040 3910; x_wconf 86' lang='lat' dir='ltr'><strong>praesertim</strong></span> <span class='ocrx_word' id='word_1_223' title='bbox 1070 3825 1211 3888; x_wconf 89' lang='lat' dir='ltr'><strong>miserias</strong></span> 
     </span>
     <span class='ocr_line' id='line_1_38' title="bbox 104 3926 1211 4015; baseline -0.003 -22"><span class='ocrx_word' id='word_1_224' title='bbox 104 3928 225 4006; x_wconf 91' lang='lat' dir='ltr'><strong>mundi,</strong></span> <span class='ocrx_word' id='word_1_225' title='bbox 255 3926 447 3991; x_wconf 87' lang='lat' dir='ltr'><strong>calamitates</strong></span> <span class='ocrx_word' id='word_1_226' title='bbox 476 3938 653 4013; x_wconf 87' lang='lat' dir='ltr'><strong>temporum</strong></span> <span class='ocrx_word' id='word_1_227' title='bbox 683 3929 925 4011; x_wconf 87' lang='lat' dir='ltr'><strong>praeteritorum</strong></span> <span class='ocrx_word' id='word_1_228' title='bbox 954 3927 1078 4015; x_wconf 81' lang='lat' dir='ltr'><strong>ubique</strong></span> <span class='ocrx_word' id='word_1_229' title='bbox 1101 3949 1211 3994; x_wconf 84' lang='lat' dir='ltr'><strong>eruere</strong></span> 
     </span>
     <span class='ocr_line' id='line_1_39' title="bbox 104 4029 1211 4118; baseline 0.002 -23"><span class='ocrx_word' id='word_1_230' title='bbox 104 4031 220 4109; x_wconf 85' lang='lat' dir='ltr'><strong>voluit,</strong></span> <span class='ocrx_word' id='word_1_231' title='bbox 242 4034 287 4093; x_wconf 91' lang='lat' dir='ltr'><strong>ita</strong></span> <span class='ocrx_word' id='word_1_232' title='bbox 310 4031 425 4095; x_wconf 88' lang='lat' dir='ltr'><strong>Florus</strong></span> <span class='ocrx_word' id='word_1_233' title='bbox 447 4033 481 4095; x_wconf 92' lang='lat' dir='ltr'><strong>in</strong></span> <span class='ocrx_word' id='word_1_234' title='bbox 504 4031 639 4118; x_wconf 84' lang='lat' dir='ltr'><strong>gloriam</strong></span> <span class='ocrx_word' id='word_1_235' title='bbox 663 4029 843 4115; x_wconf 87' lang='lat' dir='ltr'><strong>ubicunque</strong></span> <span class='ocrx_word' id='word_1_236' title='bbox 866 4032 1088 4097; x_wconf 89' lang='lat' dir='ltr'><strong>Romanorum</strong></span> <span class='ocrx_word' id='word_1_237' title='bbox 1111 4036 1211 4099; x_wconf 88' lang='lat' dir='ltr'><strong>inten-</strong></span> 
     </span>
     <span class='ocr_line' id='line_1_40' title="bbox 105 4134 1211 4220; baseline 0.001 -20"><span class='ocrx_word' id='word_1_238' title='bbox 105 4136 198 4214; x_wconf 89' lang='lat' dir='ltr'><strong>dens,</strong></span> <span class='ocrx_word' id='word_1_239' title='bbox 226 4134 324 4198; x_wconf 91' lang='lat' dir='ltr'><strong>libros</strong></span> <span class='ocrx_word' id='word_1_240' title='bbox 354 4156 430 4199; x_wconf 92' lang='lat' dir='ltr'><strong>suos</strong></span> <span class='ocrx_word' id='word_1_241' title='bbox 452 4157 555 4220; x_wconf 89' lang='lat' dir='ltr'><strong>paene</strong></span> <span class='ocrx_word' id='word_1_242' title='bbox 577 4138 666 4220; x_wconf 89' lang='lat' dir='ltr'><strong>ipsos</strong></span> <span class='ocrx_word' id='word_1_243' title='bbox 690 4137 862 4220; x_wconf 85' lang='lat' dir='ltr'><strong>praeconia</strong></span> <span class='ocrx_word' id='word_1_244' title='bbox 884 4135 962 4200; x_wconf 88' lang='lat' dir='ltr'><strong>fecit</strong></span> <span class='ocrx_word' id='word_1_245' title='bbox 982 4140 1124 4203; x_wconf 90' lang='lat' dir='ltr'><strong>nominis</strong></span> <span class='ocrx_word' id='word_1_246' title='bbox 1146 4139 1211 4205; x_wconf 85' lang='lat' dir='ltr'><strong>Ro·</strong></span> 
     </span>
     <span class='ocr_line' id='line_1_41' title="bbox 104 4238 1211 4326; baseline 0.001 -23"><span class='ocrx_word' id='word_1_247' title='bbox 104 4241 197 4304; x_wconf 89' lang='lat' dir='ltr'><strong>mani.</strong></span> <span class='ocrx_word' id='word_1_248' title='bbox 248 4238 364 4324; x_wconf 87' lang='lat' dir='ltr'><strong>Qualia</strong></span> <span class='ocrx_word' id='word_1_249' title='bbox 392 4241 519 4303; x_wconf 90' lang='lat' dir='ltr'><strong>minime</strong></span> <span class='ocrx_word' id='word_1_250' title='bbox 547 4239 718 4304; x_wconf 88' lang='lat' dir='ltr'><strong>arridentia</strong></span> <span class='ocrx_word' id='word_1_251' title='bbox 748 4238 887 4316; x_wconf 91' lang='lat' dir='ltr'><strong>Orosio,</strong></span> <span class='ocrx_word' id='word_1_252' title='bbox 915 4241 1024 4326; x_wconf 88' lang='lat' dir='ltr'><strong>potius</strong></span> <span class='ocrx_word' id='word_1_253' title='bbox 1054 4243 1211 4307; x_wconf 87' lang='lat' dir='ltr'><strong>rationem</strong></span> 
     </span>
    </p>
   </div>
   <div class='ocr_carea' id='block_1_5' title="bbox 0 0 1324 4764">
    <p class='ocr_par' dir='ltr' id='par_1_11' title="bbox 0 0 1324 4764">
     <span class='ocr_line' id='line_1_42' title="bbox 0 0 1324 4764; baseline 0 1"><span class='ocrx_word' id='word_1_254' title='bbox 0 0 1324 4764; x_wconf 95' lang='lat' dir='ltr'><strong> </strong></span> 
     </span>
    </p>
   </div>
  </div>
 </body>
</html>
