2640 4764
699 180 743 246 38

170 359 271 436 thico,
300 360 388 422 cuius
417 357 485 422 fere
506 357 691 421 Latinorum
717 360 907 443 scriptorum
928 358 1050 422 Noster
1071 354 1210 442 plurima
1232 381 1272 423 re-

169 463 322 538 servavit,
345 463 378 525 in
401 459 490 526 bello
512 463 724 540 Numantino,
747 461 949 538 Sertoriano,
963 463 1004 540 ¹⁰)
1033 465 1066 524 in
1090 461 1186 525 bellis
1210 484 1272 526 cum

169 564 338 629 Asturibus
365 575 397 628 et
420 564 605 644 Cantabris,
620 567 660 645 ¹¹)
690 569 724 629 in
748 565 895 630 laudibus
919 567 1048 629 Traiani
1072 575 1105 628 et
1128 565 1273 630 Theodo-

170 671 208 732 sii
231 669 458 754 Hispanorum,
472 670 513 751 ¹²)
536 667 669 753 Didymi
692 680 723 734 et
747 671 981 749 Veriniani,¹³)
1010 668 1089 732 aliis.
1135 669 1272 734 Alterum

171 782 227 849 est,
249 771 338 857 quod
361 794 461 857 aeque
483 773 551 838 fere
573 773 788 853 barbarorum,
812 797 829 838 a
852 772 965 859 quibus
986 783 1097 857 postea
1114 775 1273 860 imperium

170 878 349 940 Romanum
372 880 426 957 (et
447 879 638 963 Hispaniae)
661 878 865 942 vehementer
887 876 1146 941 dilacerabantur
1169 887 1203 942 et
1223 899 1274 963 op·

169 979 401 1064 primebantur‚
431 1003 449 1044 a
478 984 586 1066 primis
616 1002 726 1046 eorum
751 979 980 1068 irruptionibus
1003 1002 1104 1065 usque
1128 978 1170 1044 ad
1192 1003 1273 1045 suam

170 1092 305 1147 aetatem
336 1082 481 1147 diffusius
511 1088 666 1163 meminit,
696 1107 801 1170 neque
824 1089 894 1149 sine
915 1087 962 1148 ira
985 1096 1017 1148 et
1040 1083 1163 1164 studio,
1192 1084 1273 1170 quod

169 1184 280 1250 saltem
304 1185 426 1251 adtinet
447 1187 488 1251 ad
511 1189 648 1254 Gothos.
664 1190 704 1268 ¹⁴)

135 1289 141 1300 '
256 1291 347 1353 Haec
373 1293 470 1377 igitur
497 1302 656 1356 momenta
686 1289 851 1357 electionis
880 1314 941 1378 per
968 1300 1071 1356 totum
1100 1313 1184 1376 opus
1206 1292 1273 1378 plus

169 1395 313 1459 minusve
337 1399 553 1482 agnoscimus3
581 1398 632 1460 sin
661 1405 764 1464 autem
794 1394 835 1458 ad
858 1395 960 1460 electa
982 1399 1050 1480 ipsa
1073 1399 1208 1482 propius
1231 1419 1274 1460 ao

169 1496 310 1561 cedimus
338 1508 370 1563 et
391 1499 517 1587 singula
540 1510 787 1584 perscrutamur,
817 1498 890 1563 fieri
909 1504 1035 1585 nequit,
1065 1502 1142 1584 quin
1165 1500 1273 1564 acerbe

169 1604 366 1686 vituperetur
387 1604 535 1669 Orosius.
586 1604 741 1668 Videmus
773 1605 855 1667 euim
878 1608 1038 1690 recepisse
1056 1625 1132 1668 eum
1155 1605 1189 1667 in
1212 1607 1274 1668 uui

168 1727 294 1769 versum
324 1706 465 1791 quidem,
495 1729 576 1792 quae
602 1710 726 1770 maximi
748 1707 867 1772 fuerint
889 1707 1042 1793 ponderis
1071 1712 1199 1792 (neque
1223 1707 1274 1771 dii·

169 1808 255 1873 ficile
278 1809 311 1874 id
335 1821 411 1888 erat,
435 1813 646 1876 etiamsinon
668 1814 873 1897 respiciamus
897 1812 937 1876 ad
958 1813 1066 1877 fontes
1089 1814 1193 1892 eius):
1222 1809 1274 1875 sed

169 1917 204 1978 in
232 1914 295 1979 illis
322 1916 400 2000 ipsis
430 1937 467 1978 ac
496 1919 603 2000 potius
628 1918 720 1979 etiam
750 1919 784 1979 in
812 1915 962 2003 singulis,
991 1937 1071 2001 quae
1095 1919 1129 1979 in
1151 1915 1273 1980 illorum

170 2018 317 2082 auxilium
349 2023 524 2097 arcessivit,
554 2023 695 2105 quamvis
720 2042 802 2104 quae
824 2019 922 2084 modu
947 2019 1010 2083 dixi
1032 2030 1195 2083 momenta
1218 2018 1274 2083 ele·

170 2124 283 2186 ctionis
306 2120 409 2184 ubivis
432 2134 661 2208 agnoscantur,
692 2134 797 2187 tamen
820 2132 909 2187 tanto
933 2122 1080 2200 arbitrio,
1103 2133 1136 2187 et
1159 2123 1273 2209 absque

169 2227 279 2311 quavis
308 2246 401 2289 causa
429 2247 494 2289 rem
524 2249 611 2292 suam
642 2232 746 2317 egisse
774 2225 914 2305 videtur,
942 2236 979 2291 ut
1006 2231 1089 2291 iuste
1115 2237 1272 2312 carpatur;

168 2332 353 2414 praesertim
382 2351 476 2414 quum
500 2353 561 2395 nec
581 2332 655 2397 finis
679 2335 800 2419 operis,
829 2351 934 2415 neque
957 2329 1018 2393 alia
1042 2334 1205 2395 excusatio
1227 2331 1274 2394 bic

169 2433 305 2511 admitti,
332 2432 390 2496 sed
420 2433 502 2499 adeo
526 2439 559 2499 in
581 2435 685 2514 illum,
712 2434 850 2520 ideoque
872 2438 906 2498 iu
929 2457 1016 2498 suam
1039 2436 1139 2519 ipsius
1162 2436 1273 2500 utilita-

170 2548 232 2602 tem
255 2539 438 2622 saepissime
460 2560 611 2623 peccasse
635 2541 772 2604 Orosius
794 2542 885 2626 argui
907 2541 1018 2624 possit.
1064 2539 1158 2622 Quae
1181 2543 1273 2604 maio

168 2645 212 2706 ris
235 2650 267 2705 et
288 2643 413 2705 maximi
435 2654 509 2707 sunt
527 2643 681 2728 ponderis
698 2642 895 2708 obliviscitur
909 2663 959 2706 res
975 2653 1090 2729 gestas,
1113 2666 1192 2728 prae
1208 2643 1273 2708 aliis

167 2749 309 2823 minoris,
332 2749 424 2808 etiam
446 2747 563 2811 nullius
587 2749 661 2826 lere,
684 2747 736 2811 vel
758 2748 813 2811 has
829 2747 922 2811 latius
938 2747 1129 2832 uberiusque
1145 2769 1274 2833 percen-

168 2859 217 2914 set
239 2871 331 2934 quam
353 2847 436 2923 illas;
452 2850 492 2930 ¹⁵)
521 2850 616 2914 affert
638 2850 730 2929 alias,
756 2872 837 2937 quae
860 2854 1047 2935 praemissas
1072 2851 1273 2936 expostulant

238 3087 289 3158 10)
313 3088 356 3147 Cf.
374 3092 452 3170 impr.
471 3113 499 3171 p.
507 3095 569 3151 358.

238 3174 426 3246 11)Vl,nl.

238 3260 289 3332 12)
313 3261 355 3317 Cf.
374 3265 453 3340 impr.
472 3264 534 3331 Vll,
553 3269 596 3321 34.
621 3287 647 3345 p.
658 3269 718 3323 555.

238 3344 290 3415 13)
313 3346 376 3417 Vn,
395 3353 560 3428 mpori.

237 3432 287 3500 14)
311 3432 352 3489 cf.
373 3455 412 3491 ex
436 3456 473 3512 gr.
490 3458 517 3514 p.
534 3439 593 3494 195.
629 3437 725 3496 Mirum
748 3442 776 3496 in
799 3439 908 3497 modum
925 3442 1039 3517 agitatur
1056 3439 1183 3500 Orosius.
1220 3445 1270 3503 Ro-

165 3538 259 3575 manus
282 3527 308 3574 et
325 3518 459 3598 Hispanus
479 3522 585 3580 Gothos
608 3529 776 3603 apertissime
799 3527 869 3595 odit,
892 3548 979 3605 neque
1003 3528 1094 3585 odium
1116 3529 1205 3588 celare
1225 3553 1270 3611 po·

165 3615 233 3661 test:
252 3615 341 3661 tamen
361 3610 485 3682 quamsi
504 3608 739 3670 demonstrandum
758 3616 803 3681 sit,
825 3635 893 3689 quae
910 3634 960 3692 per
976 3614 1040 3673 illos
1051 3618 1216 3690 ingruissent
1228 3639 1272 3698 pe·

165 3689 248 3746 ricula
275 3701 303 3746 et
323 3692 405 3760 mala,
432 3692 512 3770 longe
534 3694 660 3754 inleriora
682 3720 744 3756 esse
766 3701 1000 3771 antecedentibus,
1027 3705 1106 3758 etiam
1128 3707 1270 3780 praeconia

165 3777 242 3854 quasi
259 3777 415 3834 odiosorum
433 3789 464 3836 ut
483 3780 558 3850 edat,
579 3787 686 3862 saepius
705 3797 825 3842 coactum
843 3807 873 3844 se
890 3788 973 3843 videt.
1010 3789 1048 3844 At
1064 3787 1109 3844 bic
1128 3810 1272 3856 „reserva-

164 3865 265 3919 tionem
283 3863 448 3920 meutalem“
467 3870 626 3950 accipiamus
645 3893 757 3928 necesse
775 3883 824 3928 est.

235 3947 286 4018 15)
311 3948 398 4006 Cuius
416 3961 445 4008 ct
461 3954 628 4032 insequentis
643 3961 749 4034 generis
766 3957 887 4036 exempla
904 3969 970 4016 suut
985 3960 1107 4038 plurima,
1125 3966 1271 4042 praecipue

164 4037 192 4091 iu
209 4034 331 4091 historiis
348 4045 499 4116 temporum
516 4046 708 4120 posteriorum,
725 4054 756 4100 ut
774 4047 802 4100 in
819 4044 899 4101 bellis
913 4045 1005 4103 Sullae
1022 4047 1149 4116 sellarii,
1168 4048 1271 4105 lilitbri·

164 4120 259 4178 daticis
276 4149 315 4164 -··
332 4144 453 4200 quorum
461 4128 608 4185 secuudum
620 4129 780 4201 (Murenae)
792 4141 820 4186 et
832 4128 986 4190 Nicomedis
998 4133 1199 4204 haereditatem,
1219 4146 1272 4192 ter·

162 4208 195 4263 tii
213 4228 319 4265 eausam
335 4209 416 4290 plane
434 4216 534 4284 omisit,
556 4234 605 4272 nec
623 4208 711 4274 niinus
730 4216 836 4275 Luculli
854 4227 947 4275 contra
965 4219 1146 4278 Mithridatem
1164 4242 1210 4279 res
1229 4243 1271 4299 ge·
