2640 4764
645 145 666 212 6

102 321 251 410 aequales
272 321 351 403 llere,
376 324 509 388 maxime
531 331 635 388 autem
659 322 744 410 apud
768 332 917 409 posteros
940 326 1058 388 iuvisse
1080 322 1214 405 videtur,

104 430 158 515 qui
179 427 327 492 lubenter
349 427 441 507 adeo,
464 427 551 514 quod
572 431 725 492 nonnnisi
747 427 915 493 multarum
938 427 1121 514 complexus
1139 429 1216 492 elle-

106 540 194 598 cerat
221 554 340 610 rerum,
370 535 463 596 unius
492 535 685 618 imputarent
713 535 842 608 merito;
873 531 1047 596 cuiusmodi
1072 532 1216 618 exempla

105 657 201 722 supra
224 636 370 701 vidimus.
384 637 434 717 ¹⁰).
472 636 514 700 Et
536 657 617 721 quae
640 637 837 700 auctoritatis
859 639 1017 700 nascentis
1032 640 1217 701 exstiterant

107 761 237 819 causae,
261 740 391 806 eaedem
415 761 542 826 quoque
565 748 708 803 servatae
730 742 764 802 in
786 750 956 825 posterum.
971 739 1069 804 luere.
1114 741 1217 827 Igitur

107 864 175 908 non
212 843 388 908 mirandum
419 853 487 908 arte
516 843 749 931 typographica
779 864 881 928 nuper
907 846 1035 907 inventa
1065 847 1215 930 imprimis

105 947 226 1014 Oresio
250 969 377 1034 quoque
402 946 528 1011 edendo
555 957 585 1010 et
608 944 804 1034 divulgando
826 951 998 1033 impensam
1017 968 1086 1010 esse
1101 969 1216 1026 curam,

109 1052 233 1116 auctori
262 1051 309 1114 illi
340 1060 404 1115 tam
433 1049 552 1114 celebri
576 1060 608 1114 et
630 1055 762 1115 tetiam
784 1051 1004 1136 manuscriptis
1026 1060 1106 1113 noto
1130 1050 1217 1115 codi-

108 1155 209 1219 cibus.
262 1155 305 1218 Et
333 1157 361 1218 si
382 1153 493 1219 iisdem
517 1154 585 1219 lere
608 1153 720 1220 diebus
743 1154 850 1219 denuo
873 1157 1053 1218 revixerant
1072 1164 1217 1219 veterum

107 1257 221 1337 studia,
243 1259 366 1322 Nostro
390 1279 467 1323 sane
489 1261 648 1336 minantia,
669 1269 775 1323 tamen
796 1260 891 1322 novis
912 1256 975 1320 illis
994 1257 1156 1322 veteribus
1170 1261 1217 1323 ni-

109 1364 168 1427 mis
200 1360 303 1426 adhuc
330 1362 532 1427 laetabantur
567 1372 598 1427 et
625 1385 736 1449 parum
765 1360 1000 1447 quodammodo
1028 1361 1218 1426 insistebant

109 1469 169 1531 arti
198 1469 325 1530 criticae
351 1469 412 1530 viri
441 1465 543 1544 docti,
572 1489 662 1552 quam
692 1476 728 1531 ut
749 1477 825 1530 tunc
846 1467 906 1528 iam
928 1465 1050 1529 Noster
1070 1469 1217 1530 reiicere-

110 1580 171 1635 tur.
224 1568 430 1636 Credendum
457 1573 579 1656 potius,
608 1593 719 1636 causas
748 1570 817 1634 illas
845 1572 1081 1634 existimationis
1103 1571 1217 1636 Nostri

108 1695 177 1739 non
200 1673 303 1738 solum
321 1674 470 1739 elficaces
486 1675 585 1739 fuisse
600 1674 711 1754 adhuc,
732 1674 897 1738 sedetiam
912 1678 1047 1752 mutatis,
1070 1677 1169 1739 auctis
1185 1684 1218 1740 et

107 1776 303 1843 facilioribus
327 1777 461 1843 redditis
484 1778 644 1844 literarum
667 1776 780 1843 studiis
803 1776 886 1842 adeo
909 1777 1027 1843 viribus
1048 1781 1217 1843 instructas

108 1881 292 1947 recentibus
317 1881 456 1947 valuisse
478 1882 519 1947 ad
542 1884 683 1947 favorem
707 1883 834 1960 Orosii,
862 1884 912 1946 cui
934 1904 994 1968 per
1015 1880 1142 1946 saecula
1163 1905 1218 1947 ve·

108 1995 208 2051 tustas
238 2007 315 2050 sane
343 2006 461 2052 novum
488 1985 664 2053 addidisset
684 1996 886 2050 momentum.
937 1983 1079 2070 Ideoque
1103 1985 1218 2051 editio·

107 2110 167 2153 nes
197 2111 215 2153 a
241 2091 340 2174 prima
362 2089 453 2168 inde,
481 2089 573 2155 brevi
595 2100 772 2176 temporum
795 2092 899 2175 spatio
922 2091 1115 2168 intermisso,
1145 2112 1217 2155 sese

111 2191 311 2278 excipiebant
339 2192 380 2257 ad
405 2214 522 2258 annum
545 2215 645 2279 usque
668 2195 770 2268 16773
798 2202 831 2256 at
851 2202 916 2256 tum
940 2204 1015 2279 post
1037 2214 1140 2258 annos
1162 2193 1218 2258 de·

110 2317 196 2360 mum
219 2298 380 2382 sexaginta
397 2307 429 2361 et
442 2319 540 2361 unum
563 2298 691 2380 (1738)
714 2299 884 2361 novissima
900 2299 1120 2382 Havercampii
1142 2319 1218 2383 pro·

109 2398 175 2477 diit,
197 2398 253 2464 ubi
275 2401 335 2462 iam
359 2411 468 2486 aperte
490 2405 682 2466 imminutam
704 2400 848 2466 videmus
871 2404 1034 2487 scriptoris
1052 2400 1218 2468 celebrita-

106 2511 187 2581 tem,
210 2503 298 2589 quod
321 2503 447 2588 quidem
470 2503 604 2569 celerius
628 2505 743 2569 facturn
765 2503 900 2569 videtur.
946 2505 1052 2590 Quum
1076 2510 1159 2570 enim
1182 2512 1217 2573 iu

107 2605 176 2670 dies
198 2618 379 2672 crescerent
401 2620 542 2674 veterum
566 2608 684 2687 studia,
715 2621 746 2674 et
768 2612 827 2673 viri
851 2609 937 2673 docti
961 2632 1034 2674 cura
1058 2631 1124 2674 non
1148 2634 1217 2677 ees·

107 2721 198 2776 sante
220 2722 495 2797 perscrutarentur
516 2716 645 2798 antiqua
666 2726 878 2792 monumenta,
901 2724 995 2799 atque
1017 2718 1216 2802 compendiis

107 2814 308 2879 historiarum
329 2819 431 2880 missis
458 2838 476 2878 a
499 2826 549 2881 tot
569 2820 727 2901 tantisque
749 2828 891 2881 veterum
914 2820 1100 2903 scriptorum
1122 2819 1217 2885 volu-

107 2916 244 2982 minibus
266 2939 334 2983 non
356 2919 542 3006 refugerent
564 2918 709 3007 legendis
729 2913 1028 3008 investigandisque,
1051 2945 1115 3009 quo
1137 2925 1216 2990 ube-

105 3024 170 3085 rius
200 3021 378 3087 desiderata
407 3025 446 3087 iis
473 3026 692 3110 contigerunt,
723 3045 762 3088 eo
786 3027 877 3088 citius
901 3047 918 3088 a
940 3027 1063 3090 Nostro
1087 3027 1217 3094 recede

105 3135 193 3204 rent,
221 3146 353 3191 necesse
376 3137 452 3190 erat.
503 3125 638 3191 Accedit
659 3128 746 3212 quod
769 3140 927 3216 tempora,
954 3129 1010 3195 ubi
1032 3133 1065 3195 in
1088 3135 1216 3197 minima

105 3250 183 3294 sane
213 3239 246 3294 et
271 3229 380 3295 ultima
409 3230 608 3294 historiarum
637 3252 763 3296 suarum
792 3245 883 3318 parte
911 3235 1063 3299 Orosium
1092 3235 1216 3302 fontem

109 3330 251 3411 colimus,
273 3323 377 3397 minus
400 3331 535 3398 sortasse
557 3333 779 3412 observarent;
803 3338 855 3401 vel
872 3341 899 3401 si
916 3339 1137 3418 observabant,
1159 3345 1216 3405 mi·

105 3456 185 3501 nora
208 3445 313 3500 tamen
334 3437 414 3501 haec
435 3436 635 3517 viderentur,
666 3461 758 3524 qnam
780 3450 816 3504 ut
836 3451 1007 3528 propterea
1031 3445 1114 3506 inter
1137 3443 1216 3509 clas-

68 3604 72 3608 .
105 3542 189 3604 sicos
213 3542 242 3605 ei
264 3539 369 3604 locum
393 3541 623 3618 concederent3
646 3563 687 3606 ne
710 3543 787 3628 quid
811 3544 911 3610 dicam
932 3544 973 3609 de
990 3545 1064 3610 stilo
1081 3545 1215 3634 aliisque

106 3643 323 3708 huiuscemodi
353 3643 593 3729 impedimentis.
643 3647 715 3738 Nec
742 3650 844 3711 minus
867 3671 928 3733 qua
952 3649 1065 3714 ductus
1087 3655 1215 3718 ratione

106 3745 214 3811 fontes
236 3768 312 3812 suos
333 3751 516 3811 tractaverit
538 3747 803 3835 descripseritque
819 3751 964 3831 Orosius,
987 3756 1102 3839 passim
1121 3756 1215 3821 intel-

105 3847 227 3928 lexere,
254 3872 359 3936 neque
383 3871 507 3921 errores
528 3855 651 3931 varios,
679 3857 806 3939 saepius
829 3855 903 3921 illos
926 3860 1142 3942 apertissimos
1167 3863 1216 3924 in·

176 4085 226 4151 16)
251 4085 358 4159 Quibus
376 4086 485 4144 adiicias
505 4087 573 4146 Sixt.
587 4088 743 4160 senensem,
763 4093 809 4167 qui
828 4094 940 4149 maxime
958 4093 1055 4150 iisdem
1073 4117 1106 4153 ex
1124 4100 1213 4155 causis

104 4165 234 4226 Nostrum
251 4170 359 4228 videtur
376 4171 491 4230 laudare.
