2640 4764
678 154 744 223 168

154 331 291 396 licbonis
314 330 416 417 culpa,
438 329 526 416 quod
549 333 663 396 attinet
684 330 892 397 calamitatem
914 351 977 418 per
997 330 1157 396 barbaros
1174 334 1265 419 impe

155 439 205 502 rio
228 438 377 500 Romano
400 434 529 514 illatam,
551 435 719 500 tradiderit
741 437 886 513 Orosius,
909 447 1017 500 tamen
1042 440 1137 500 etiam
1160 437 1266 500 Houo-

156 543 206 604 rio
230 539 389 603 catholico
413 539 544 604 abluere
566 539 644 603 velit
665 539 770 604 lahem
786 542 957 605 iniustitiae
980 551 1012 604 ct
1032 544 1131 604 animi
1145 543 1264 628 ingrati,

156 666 215 729 per
237 665 347 707 necem
370 642 554 708 Stilichonis
577 642 691 728 procul
715 642 814 707 dubio
839 643 1018 708 conflatam.

245 747 360 831 Neque
378 746 567 813 Occidentis
588 769 640 810 res
662 767 741 832 prae
764 749 898 810 caeteris
922 750 1134 834 consignatae
1157 750 1192 811 in
1214 748 1264 811 hac

157 852 358 916 historiarum
393 859 483 936 parte
519 859 655 914 extrema
685 853 787 914 cerasis
817 861 922 938 egent.
975 851 1042 936 Qui
1072 861 1263 916 momenta

159 959 289 1041 quaerit,
310 958 450 1040 reperiet
472 955 564 1018 baec:
588 953 676 1039 quod
692 952 880 1019 Theodosio
903 964 1058 1040 regnante
1082 958 1119 1018 in
1133 955 1263 1020 Oriente

158 1080 263 1145 neque
284 1059 428 1136 illustria,
450 1056 554 1145 gloria
576 1056 681 1144 digna,
703 1080 808 1143 neque
823 1057 953 1122 horrida
967 1068 1059 1145 gesta
1074 1067 1152 1122 sunt
1167 1059 1263 1138 multa,

159 1162 248 1249 quod
276 1184 387 1227 omnes
416 1163 483 1226 iere
511 1163 601 1224 istius
630 1166 781 1248 temporis
810 1162 964 1227 historiae
994 1160 1036 1226 ad
1057 1161 1263 1228 Occidentem

160 1289 231 1331 sese
254 1274 489 1343 converterunt,
512 1265 701 1329 Theodosio
724 1275 830 1330 autem
852 1275 979 1329 mortuo
1001 1276 1034 1329 et
1049 1269 1189 1352 imperio
1204 1290 1264 1353 par-

159 1375 234 1450 tito,
263 1371 407 1436 Orientis
438 1379 470 1433 et
492 1368 678 1434 Occidentis
707 1378 812 1454 partes
842 1390 914 1433 mox
943 1373 1043 1457 magis
1065 1375 1263 1458 magisquea

159 1498 195 1539 se
222 1477 359 1539 invicem
388 1471 587 1537 abalienatae
616 1483 703 1537 sunt:
736 1473 850 1559 quibus
879 1473 973 1537 rebus
1001 1474 1210 1538 nascentibus
1237 1483 1263 1538 et

159 1583 273 1667 partim
295 1581 363 1641 iam
385 1580 467 1641 natis
490 1578 612 1641 Noster
633 1579 710 1641 vixit
732 1587 764 1640 ct
786 1580 921 1662 scripsit.
971 1578 1093 1641 Rerum
1117 1599 1197 1642 vero
1219 1579 1264 1640 lli·

160 1686 340 1770 spaniarum
364 1691 396 1744 et
418 1682 546 1745 Africae
575 1680 724 1744 diffusior
752 1683 903 1766 imprimis
931 1680 1047 1745 relatio
1078 1703 1149 1744 uon
1171 1683 1263 1744 miuus

160 1808 220 1874 per
241 1808 291 1865 se,
319 1807 412 1871 quam
434 1807 492 1870 per
513 1783 652 1848 studium
676 1794 708 1849 et
730 1805 869 1849 amorem
891 1786 1014 1869 patriae
1037 1792 1214 1863 atterrae,
1236 1788 1265 1847 in

161 1913 223 1976 qua
253 1889 341 1956 exsul
369 1891 473 1974 quasi,
502 1887 560 1953 sed
588 1887 725 1953 libenter
755 1898 903 1974 exceptus
931 1887 1130 1968 morabatur,
1160 1909 1266 1974 suppe-

161 1993 269 2059 ditata.

249 2099 338 2163 Haec
365 2101 401 2163 in
424 2101 604 2163 universum
628 2096 669 2161 de
690 2093 808 2160 ultimis
831 2097 943 2162 Nostri
965 2097 1139 2184 capitibus3
1168 2095 1266 2162 videa-

160 2223 229 2267 mus
257 2223 343 2267 nunc
372 2202 466 2287 quale
495 2223 606 2266 eorum
629 2203 671 2264 sit
694 2211 911 2288 argumentum
934 2202 1137 2280 historicum,
1167 2204 1267 2286 quiet

161 2306 271 2392 quales
293 2306 430 2369 fortasse
454 2326 563 2370 eorum
583 2307 647 2367 sint
662 2303 778 2381 fontes,
801 2315 919 2388 quauta
933 2306 1045 2371 iisdem
1061 2304 1158 2384 fides,
1179 2325 1268 2390 quan-

160 2419 227 2474 tum
251 2409 389 2493 denique
413 2429 523 2473 eorum
545 2407 639 2470 nobis
662 2410 704 2470 sit
726 2410 883 2492 pretium?

248 2513 362 2591 lnitio,
385 2511 461 2597 quid
483 2515 524 2575 sit
546 2510 750 2576 iudicandum
774 2509 815 2575 de
838 2534 882 2577 cc.
901 2513 945 2576 32
969 2520 1002 2576 et
1023 2513 1094 2591 33,
1116 2511 1270 2601 significa·

161 2627 227 2682 tum
251 2627 314 2692 est;
345 2616 386 2681 de
412 2614 546 2702 siugulis
568 2615 631 2678 buc
653 2615 884 2700 pertinentibus
908 2615 947 2680 cf.
971 2615 1030 2679 sub
1055 2615 1270 2680 Euseb.·Hie

160 2741 300 2808 ronymo
323 2719 388 2797 fin,
411 2730 447 2784 ut
471 2729 503 2782 et
524 2717 621 2781 finem
644 2721 756 2803 capitis
778 2722 873 2783 tertii.
915 2720 945 2782 A
969 2722 1073 2804 capite
1087 2720 1144 2783 34.
1169 2741 1270 2805 usquc,

160 2823 248 2888 unde
276 2827 346 2910 ipse
375 2826 475 2910 magis
499 2822 636 2887 Orosius
661 2833 783 2887 exstare
805 2823 945 2902 videtur,
973 2826 1109 2909 primum
1133 2845 1273 2910 panegy-

160 2932 227 2992 rica
251 2925 400 3012 quadam,
431 2925 609 3009 explicabili
636 2936 668 2990 et
692 2926 847 3010 explicata
869 2930 994 2992 ratione
1017 2925 1058 2990 de
1083 2927 1271 2992 Theodosio

161 3030 353 3094 aGratiano
378 3040 539 3115 assumpto
563 3032 596 3093 iu
618 3052 751 3117 regnum
775 3031 880 3108 refert,
903 3041 968 3095 tum
992 3030 1033 3094 de
1052 3034 1147 3095 victis
1162 3031 1204 3095 ab
1221 3030 1272 3095 illo

161 3133 286 3211 Alanis,
314 3134 454 3210 Hunnis,
477 3133 609 3212 Gothis,
638 3133 679 3198 de
703 3135 883 3198 Athanarici
912 3145 1015 3198 morte
1043 3144 1077 3199 et
1108 3133 1274 3200 deditione

162 3238 353 3314 Gothorum,
376 3237 417 3301 de
436 3238 542 3302 Persis
564 3260 676 3324 pacem
698 3237 891 3324 petentibus,
915 3237 955 3301 de
972 3238 1110 3302 Thracia
1134 3238 1275 3316 liberata,

162 3341 203 3405 de
226 3339 365 3403 Arcadio
394 3340 463 3404 filio
492 3345 526 3405 in
556 3364 687 3430 reguum
711 3351 890 3427 assumpto,
920 3340 1058 3426 denique
1083 3342 1125 3407 dc
1150 3343 1277 3409 Maximi

163 3448 196 3508 iu
212 3446 377 3508 Britannia
401 3448 500 3509 creati
523 3449 723 3532 imperatoris
745 3448 881 3510 transitu
897 3448 931 3509 in
948 3445 1095 3527 Galliam,
1119 3446 1162 3512 de
1178 3458 1277 3514 morte

162 3550 308 3614 Gratiani
330 3557 362 3610 et
377 3547 452 3634 luga
463 3548 684 3614 Valentiniani
699 3552 874 3630 (iunioris)
891 3549 931 3615 ad
948 3550 1186 3617 Theodosium:
1211 3552 1279 3617 bre·

160 3655 288 3716 vissime
313 3653 432 3730 omnia,
460 3651 518 3717 sed
541 3674 621 3738 quae
643 3663 777 3739 propter
800 3657 1044 3739 conceptionem
1068 3657 1121 3718 vix
1146 3657 1279 3722 Orosia-

162 3777 235 3818 nam
258 3753 361 3818 adbuc
385 3777 402 3818 e
425 3759 582 3841 scripto
606 3756 697 3820 fonte
721 3755 859 3840 quodam
881 3757 993 3821 hausta
1017 3780 1089 3823 esse
1111 3761 1191 3823 mibi
1215 3761 1279 3845 qui-

163 3857 236 3922 dem
263 3857 441 3922 videantur.
499 3858 653 3944 Sequenti
689 3858 813 3923 demum
847 3863 951 3946 capite
980 3861 1066 3942 (35)
1098 3862 1278 3928 Theodosii

161 3949 297 4048 regnum
321 3983 468 4026 enarrare
491 3965 661 4049 incipiens,
691 3963 792 4026 fusius
814 3967 949 4050 primum
971 3967 1116 4029 meminit
1141 3967 1279 4034 Orosius

163 4064 302 4130 eiusdem
333 4064 374 4128 de
397 4065 537 4131 Maximo
563 4079 595 4131 et
617 4065 839 4154 Andragathio
863 4067 949 4153 apud
971 4068 1156 4155 Aquileiam
1183 4073 1281 4137 victo-

162 4171 227 4232 riae
252 4178 284 4231 et
306 4168 527 4234 Valentiniani
548 4173 693 4260 restituti,
717 4169 847 4239 adiectis
869 4173 1055 4238 minusctdis
1079 4174 1282 4260 quibusdam,
