2640 4764
593 204 634 270 53

54 400 162 466 paene
192 378 321 444 dimidia
348 400 420 466 pars
449 382 483 444 in
510 379 613 446 lucem
637 384 700 446 iam
722 381 899 467 prodierat,
930 405 1022 467 quum
1046 386 1166 452 Noster

54 485 206 548 historias
235 505 308 548 suas
331 484 506 550 conficeret
525 525 565 536 -
591 487 801 573 Augustinum
824 489 922 574 igitur
943 490 975 550 in
998 489 1046 553 his
1068 491 1165 555 histo-

54 591 110 652 riis
135 590 225 673 quasi
248 599 378 667 exstare,
401 602 505 654 tamen
528 589 698 654 nemodum
723 592 785 654 hoc
807 590 1028 656 animadvertit
1050 603 1105 658 aut
1119 599 1165 660 in-

55 693 184 757 dicavit
236 693 350 777 Neque
379 708 456 757 vero
487 696 520 758 in
549 699 729 759 universum
759 704 893 773 tantum,
924 695 982 759 scd
1013 700 1104 761 etiam
1131 701 1164 763 in

55 796 190 884 singulis
220 797 330 862 Orosii
365 798 503 861 historiis
532 799 730 886 Augustinus
765 801 808 862 ita
839 804 1095 886 recognoscitur,
1130 812 1165 866 ut

55 904 178 966 etiamsi
210 903 295 965 iuxta
323 901 465 986 reliquos
494 903 607 967 Nostri
635 905 742 968 fontes
772 902 926 989 singulari
954 902 1087 988 quadam
1117 927 1164 970 ra-

55 1007 145 1069 tione
174 1004 314 1084 incedat,
345 1015 448 1070 tamen
478 1009 545 1071 iure
574 1006 637 1071 illis
661 1006 886 1071 adnumeretur
908 1011 1083 1092 (quatenus
1108 1030 1163 1073 eos

55 1107 183 1192 quidem
211 1109 425 1198 intelligamus
454 1110 589 1174 aliorum
619 1132 752 1197 operum
782 1110 902 1190 fontes,
932 1132 1066 1196 quorum
1095 1114 1163 1176 sive

54 1233 107 1275 res
130 1215 198 1276 sive
220 1217 360 1278 rationes
383 1217 416 1278 in
440 1215 487 1278 his
512 1224 634 1279 exstant
657 1225 689 1280 et
710 1215 920 1301 probantur),
946 1222 977 1279 et
999 1218 1069 1279 iure
1092 1215 1162 1279 aliis

54 1317 169 1379 Nostri
191 1317 334 1382 fontibus
358 1328 577 1405 anteponatur,
601 1317 751 1404 qu'oniam
772 1341 850 1405 prae
871 1322 1003 1383 caeteris
1026 1322 1163 1384 auctoris

56 1430 89 1484 et
110 1407 280 1508 personam
304 1432 336 1486 et
359 1444 440 1509 opus
464 1426 553 1508 quasi
576 1423 747 1510 perfundit.

144 1525 314 1590 Librorum
338 1526 379 1591 de
402 1528 529 1590 civitate
544 1528 608 1590 Dei
630 1530 801 1613 praecipue
820 1529 959 1612 quinque
974 1529 1066 1612 primi
1082 1538 1162 1605 suut,

53 1631 118 1714 qui,
139 1638 175 1694 ut
191 1630 386 1716 Augustinus
408 1633 479 1717 ipse
501 1634 552 1709 ait,
567 1632 608 1712 ¹⁰)
630 1652 709 1710 „eos
732 1630 891 1709 refellunt,
914 1634 968 1715 qui
989 1653 1040 1696 res
1057 1631 1163 1695 huma-

53 1755 113 1796 nas
134 1737 177 1797 ita
200 1737 382 1821 prosperari
404 1733 526 1815 volunt,
549 1743 585 1799 ut
607 1733 647 1798 ad
670 1736 733 1799 hoc
754 1735 925 1799 multorum
944 1735 1076 1800 deorum
1100 1736 1164 1800 cul-

54 1847 130 1916 tum,
154 1860 234 1923 quos
249 1839 370 1925 Pagani
393 1837 501 1903 colere
520 1849 764 1918 consueverunt,
785 1826 999 1903 necessarium
1023 1861 1093 1903 esse
1116 1862 1164 1902 ar·

53 1941 219 2020 bitrentur,
247 1952 279 2006 et
302 1945 374 2028 quia
396 1942 593 2027 prohibetur,
616 1942 697 2006 mala
720 1947 779 2007 ista
804 1946 1002 2027 (praesentia
1026 1948 1090 2023 sc.)
1114 1965 1164 2007 ex-

55 2048 134 2109 oriri
158 2055 191 2110 et
212 2045 374 2111 abundare
396 2046 629 2111 contendunt“:
653 2051 707 2132 qui
724 2045 855 2112 eandem
871 2046 968 2132 plane
989 2068 1094 2133 neque
1110 2047 1164 2110 ab·

54 2149 150 2214 simili
178 2155 302 2216 ratione
331 2160 501 2214 tractantes
533 2172 657 2215 causam
686 2160 780 2236 atque
803 2151 954 2230 Orosius,
984 2150 1023 2214 ab
1049 2152 1162 2216 codem

54 2258 207 2342 imprimis
229 2277 288 2341 pro
313 2253 457 2341 exemplo
480 2255 578 2320 habiti
602 2263 683 2319 sunt.
722 2255 876 2343 Magnum
899 2276 976 2318 sane
995 2254 1163 2321 discrimen

54 2362 140 2423 inter
163 2360 313 2424 Orosium
342 2358 510 2424 intercedit
532 2368 564 2423 et
586 2361 813 2448 Augustinum‚
841 2381 935 2444 quum
958 2358 1010 2422 hic
1032 2358 1163 2423 ubicun-

55 2485 118 2549 que
140 2467 174 2526 in
195 2485 288 2528 veras
310 2486 415 2529 rerum
437 2484 547 2538 causas
570 2466 747 2549 inquirens,
773 2462 927 2528 malorum
950 2467 1163 2549 praesentium

55 2570 212 2656 originem
236 2571 270 2632 in
293 2570 454 2632 hominum
478 2589 553 2630 suae
578 2571 690 2632 aetatis
710 2571 867 2653 pravitate
882 2569 1017 2652 positam
1034 2566 1163 2632 demon-

55 2682 157 2737 strare
179 2671 314 2751 studeat,
337 2683 368 2737 et
388 2671 623 2759 probandorum
637 2671 736 2736 modo
752 2675 910 2735 rationum
926 2691 1052 2733 suarum
1069 2693 1163 2734 causa

54 2777 218 2840 historiam
242 2777 282 2841 ad
305 2788 411 2864 partes
432 2784 543 2853 vocet;
572 2774 627 2840 illc
654 2776 817 2840 historiam
839 2778 938 2860 ipsam
960 2775 1094 2858 primum
1117 2796 1164 2837 ar-

55 2891 240 2968 gumentum
264 2892 296 2945 et
318 2880 541 2946 documentum
564 2890 747 2965 anteponat,
770 2903 808 2944 ac
828 2876 927 2943 modo
952 2876 1024 2942 data
1046 2880 1162 2963 passim

56 2987 228 3049 occasione
256 2987 413 3048 rationum
443 2987 659 3071 expositiones
687 2982 951 3069 praelationibus,
982 2982 1163 3047 excursibus

57 3099 89 3153 et
111 3088 250 3178 epilogis
270 3093 386 3176 sparsis
403 3088 562 3153 adnectat:
587 3112 681 3174 quum
698 3089 894 3175 Augustinus
910 3107 1034 3170 semper
1050 3088 1163 3164 omnia,

55 3215 139 3279 quae
161 3197 225 3258 sint
244 3193 385 3258 eruenda
400 3191 545 3257 velvelit
560 3215 679 3272 eruere,
703 3196 796 3256 etiam
813 3199 909 3269 eruat,
931 3189 1069 3253 Orosius
1084 3211 1163 3252 sem-

54 3320 115 3385 per
145 3297 214 3362 fere
241 3320 335 3363 unam
365 3295 561 3382 eandemque
584 3305 772 3382 percenseat
795 3302 915 3381 partem
939 3316 1058 3373 rerum,
1087 3291 1163 3356 alte-

55 3424 121 3466 ram
145 3402 318 3489 significet,
348 3398 515 3465 adumbret
542 3409 663 3465 tantum
688 3411 720 3463 ct
741 3421 781 3462 ne
804 3399 866 3462 hoc
889 3398 1024 3483 quidem.
1076 3396 1164 3459 Atta-

55 3529 129 3572 rncn
158 3516 295 3592 utroque
324 3508 358 3568 in
388 3502 522 3569 eundem
547 3504 734 3568 intendente
757 3501 869 3580 finem,
897 3512 928 3566 et
951 3502 1067 3586 ubique
1091 3520 1163 3562 ean-

56 3609 144 3688 dem,
173 3632 254 3695 quac
276 3611 400 3673 maximi
423 3620 490 3674 erat
512 3611 677 3684 momenti,
707 3629 830 3670 causam
854 3612 1081 3693 pertractante,
1109 3606 1164 3665 mi-

56 3718 142 3779 nime
171 3713 266 3778 nobis
297 3711 486 3792 mirandum,
520 3722 599 3776 noto
634 3719 796 3775 auctorum
831 3722 863 3774 et
892 3731 1030 3795 operum
1053 3728 1162 3771 eornm

55 3841 153 3897 nexu,
183 3821 210 3881 si
239 3819 321 3880 circa
348 3818 481 3881 formam
504 3814 557 3880 vel
580 3824 762 3902 argumenta
785 3818 817 3878 in
841 3813 973 3900 singulis
997 3833 1096 3896 aeque
1118 3819 1163 3874 at-

56 3944 117 4009 que
144 3924 179 3986 in
201 3923 382 4005 universum
407 3932 522 3985 certam
545 3921 670 4005 saepius
694 3929 726 3982 et
748 3927 887 4004 apertam
911 3914 1101 3982 offendimus
1123 3917 1163 3979 si-

56 4024 282 4101 militudinem3
305 4048 365 4090 nec
388 4046 554 4113 perperam
570 4024 780 4111 Augustinnm
796 4023 907 4086 Nostri
930 4023 963 4084 in
979 4020 1027 4086 bis
1040 4019 1162 4114 fontem

129 4240 181 4312 ro)
204 4240 335 4298 nessaeo.
352 4239 391 4308 n,
410 4243 451 4296 aa
497 4206 499 4210 Α
