2640 4764
655 190 696 257 10

119 368 201 432 hanc
228 364 282 432 vel
309 365 395 432 illam
418 367 563 434 mendam
586 369 620 432 in
642 371 710 433 istis
738 372 947 448 commissam,
976 391 1054 457 quas
1076 371 1144 436 iere
1166 393 1230 437 nec

117 471 263 559 legerant
285 492 347 537 nec
366 472 522 537 viderant.
562 471 678 557 Qualia
695 477 821 559 saepius
837 476 869 537 in
884 473 1029 560 pluribus
1044 474 1144 539 modo
1161 473 1229 540 lau-

118 574 231 639 dandis
254 574 358 640 obvia.
396 577 460 640 Ubi
483 576 655 641 editionem
678 575 804 662 quidem
827 577 900 642 libri
923 582 1096 666 cuiuspiam
1119 593 1229 665 poste

118 682 235 744 riorem
266 679 307 744 ad
334 700 445 745 manus
467 682 575 762 habui,
604 692 710 746 tamen
739 703 857 747 nomen
879 685 1044 768 scriptoris
1067 706 1126 750 suo
1150 684 1227 748 loco

117 785 251 863 inserui,
280 793 316 848 ut
336 783 411 848 inde
433 789 537 870 possit
559 786 709 874 intelligi,
737 807 755 849 a
779 807 843 871 quo
867 795 1011 872 tempore
1032 791 1066 851 in
1089 788 1226 853 aliorum

116 890 260 952 notitiam
289 899 401 952 auctor
429 893 572 974 coeperit
601 893 749 955 transire:
778 889 812 954 id
841 890 928 975 quod
954 895 1127 980 praecipue
1149 894 1226 958 inde

116 1013 134 1054 a
157 990 286 1056 saeculo
309 995 444 1078 septimo
468 992 592 1057 decimo
615 994 732 1060 factum
755 1002 812 1058 est.

187 1129 391 1187 Gennadius:
412 1130 446 1187 de
464 1133 512 1189 vir.
525 1132 623 1189 illustr.
644 1136 718 1190 aas.
739 1131 872 1202 (exedit.
891 1142 918 1189 et
937 1155 959 1189 c.
978 1134 1091 1191 scholiis
1109 1133 1225 1190 Auberti

114 1215 215 1274 lliraei.
243 1216 334 1273 Antrr.
350 1219 426 1273 1639.
445 1216 509 1289 lul.)
528 1228 558 1276 ut
577 1219 747 1288 dictumest,
766 1218 799 1274 ab
813 1218 942 1297 Prosperi
954 1219 1109 1296 Aquitanici
1128 1220 1224 1296 elogiis

114 1305 143 1358 in
161 1303 289 1361 chronico
307 1306 452 1382 incipiens,
474 1304 593 1361 breviter
611 1304 646 1361 de
663 1303 786 1361 historiis
805 1316 833 1362 et
850 1327 965 1383 persona
985 1306 1080 1363 Orosii
1097 1307 1223 1374 disserit3

113 1388 302 1468 plurimorum,
322 1393 367 1467 qni
385 1401 450 1469 post
469 1412 528 1448 eum
546 1390 642 1448 Nostri
660 1393 817 1461 meminere,
837 1392 897 1448 lons
916 1402 943 1447 et
961 1392 1168 1450 fundamentum.

183 1483 350 1546 Honorius
372 1485 627 1561 Augustodunensis
649 1484 698 1542 lib.
711 1485 743 1542 ll.
766 1488 843 1543 cat.
862 1485 963 1557 (ibid.)
986 1485 1155 1543 Gennadium
1180 1506 1224 1543 ex·

113 1581 402 1721 cerps'lniithemiusa
421 1664 455 1720 de
467 1666 572 1743 scripit.
586 1664 651 1722 eccl.
670 1686 692 1722 c.
707 1669 766 1721 121.
786 1666 830 1734 (in
842 1664 946 1721 Fabric.
958 1665 1024 1722 bibl.
1038 1665 1103 1723 eccl.
1125 1663 1221 1721 Hamb.

114 1755 190 1808 1718.
210 1750 257 1807 lol.
275 1772 302 1828 p.
312 1749 372 1820 40.)
391 1752 529 1828 copiosior
541 1750 736 1828 quodammodo
750 1773 828 1828 quam
841 1751 1005 1820 Gennadius,
1025 1754 1101 1808 cuius
1113 1751 1222 1823 quidem

112 1839 194 1895 rerba
212 1838 393 1914 recognoscis,
411 1839 515 1916 primus
533 1837 681 1914 catalogum
699 1840 861 1916 scriptorum
879 1838 973 1895 Nostri
991 1838 1097 1906 adiecit,
1118 1841 1147 1893 in
1166 1857 1222 1914 quo

111 1925 205 1983 itidem
223 1936 362 1983 anctorum
380 1927 549 2002 sequentium
566 1923 637 1993 lons,
658 1944 799 2004 perperam
816 1945 882 1983 vero
901 1927 952 1994 „in
970 1927 1072 1981 cantica
1090 1926 1220 1982 canticos.

111 2011 157 2068 lib.
171 2013 215 2070 l.“
234 2013 335 2069 Orosio
354 2011 492 2068 adscribit.

182 2105 282 2185 Rapb.
296 2105 502 2162 Volaterranos:
522 2108 732 2162 commentarior.
742 2106 866 2163 urbanor.
885 2103 1027 2162 XXXVlll
1037 2103 1109 2160 libri.
1133 2103 1220 2160 Basil.

113 2194 188 2249 lala.
207 2191 253 2248 fol.
272 2193 319 2248 lib.
328 2190 420 2248 XVlll
447 2193 543 2267 pauo.
563 2190 730 2248 Gennadium
748 2194 808 2270 ipse
826 2191 924 2248 laudat.
961 2190 1073 2269 Propria
1090 2189 1220 2262 quaedam

111 2279 145 2334 de
164 2278 257 2334 Orosii
275 2288 361 2334 morte
380 2287 430 2334 etc.
449 2275 555 2356 prodit,
575 2275 608 2332 de
626 2276 699 2352 quib.
719 2276 752 2334 cf.
771 2279 854 2334 vitam
871 2277 967 2334 Nostri
985 2278 1035 2334 snb
1054 2276 1102 2332 lin.

181 2370 340 2448 Garibay:
364 2370 407 2428 los
425 2369 475 2427 XL
493 2370 579 2426 libros
599 2369 643 2426 del
662 2372 821 2450 compendio
839 2369 962 2427 historial
977 2370 1062 2427 delas
1075 2369 1218 2427 chronicas

110 2479 130 2533 y
147 2458 282 2516 universal
299 2458 411 2514 historia
432 2458 465 2513 de
483 2456 564 2514 todos
581 2455 624 2512 los
637 2477 737 2531 reynos
754 2457 788 2513 de
800 2458 906 2535 Espaiia
925 2467 973 2512 ete.
1002 2457 1125 2512 Anseres
1138 2461 1217 2513 1571.

110 2545 156 2601 111).
167 2545 223 2603 Vll.
243 2566 265 2602 c.
276 2548 319 2601 57.
344 2544 451 2600 Turul.
471 2545 568 2622 pars.
604 2542 698 2599 Refert
716 2543 844 2611 breviter,
862 2546 940 2621 impr.
954 2563 1007 2599 sec.
1021 2541 1200 2599 Gennadium.

181 2639 295 2696 Sixtus
312 2639 454 2697 Senensis:
482 2637 547 2694 bibl.
562 2647 663 2706 sancta,
680 2659 715 2694 ex
730 2640 882 2716 praecipuis
901 2637 997 2694 cathol.
1013 2637 1108 2693 eccles.
1122 2637 1217 2693 autbo-

108 2726 158 2782 rib.
178 2725 291 2782 collecta
309 2737 337 2782 et
355 2729 383 2782 in
401 2736 463 2783 octo
482 2723 542 2781 libr.
562 2724 643 2781 duob.
659 2735 722 2780 tom.
743 2724 898 2802 complexos
916 2723 1019 2799 digesta
1037 2722 1071 2779 ad
1088 2725 1215 2780 sanctiss.

107 2810 222 2869 Pian
246 2822 319 2890 pont.
339 2834 406 2868 max.
434 2812 476 2868 ed.
490 2832 544 2868 sec.
573 2810 671 2867 Colon.
684 2815 760 2867 1576.
785 2809 831 2866 fol.
955 2858 960 2864 .

177 2897 251 2953 Libr.
264 2896 310 2952 lV.
328 2898 425 2975 palo.
450 2919 483 2954 ex
501 2895 629 2953 Tritbem.
649 2898 741 2974 impr..
760 2917 838 2973 quem
856 2897 926 2952 inter
944 2893 1033 2950 lantes
1051 2894 1131 2951 huius
1150 2894 1215 2951 libri

106 3004 134 3061 p.
147 2985 208 3038 203.
231 2984 291 3060 ipse
313 2983 411 3040 laudat.
452 2983 582 3040 Orosium
603 3004 658 3040 non
680 2983 763 3051 ridit3
786 2985 910 3059 scriptor.
935 2982 1043 3037 nonnisi
1065 2980 1164 3037 falsum
1186 2983 1214 3038 in

106 3079 176 3126 cant.
196 3071 322 3126 canticor.
340 3069 439 3126 librum
457 3079 651 3126 commemorat.

177 3162 280 3220 Valer.
299 3163 462 3220 Andreas:
488 3164 599 3240 catalog.
620 3163 714 3219 claros.
733 3162 877 3241 Hispaniae
895 3163 1034 3239 scriptor,
1058 3164 1106 3238 qui
1128 3161 1214 3219 latino

106 3249 263 3327 disciplinas
282 3268 374 3304 omncs
393 3249 577 3318 humanitatis,
600 3249 838 3328 iurisprndentiae‚
861 3249 973 3326 philos,
991 3248 1060 3305 med.
1079 3270 1111 3305 ac
1128 3249 1213 3308 theol.

105 3334 267 3391 illustrando
286 3336 366 3391 etiam
383 3345 456 3391 trans
469 3335 622 3411 Pyrenaeos
641 3335 756 3411 evulgati
774 3345 844 3391 sunt.
875 3335 953 3393 Nunc
969 3337 1095 3414 primax
1110 3338 1212 3395 omnib.

106 3421 245 3478 nundinar.
259 3430 320 3476 catt.
339 3441 370 3476 ac
387 3420 462 3477 bibll.
482 3422 624 3498 diligenter
642 3421 704 3478 coll.
722 3441 765 3499 op.
784 3431 811 3477 et
829 3422 899 3478 stud.
919 3433 969 3479 etc.
999 3422 1118 3498 Negant.
1133 3426 1212 3482 1607.

104 3508 341 3586 apuam

175 3592 361 3661 Tritbcmium,
380 3614 459 3669 quem
470 3596 499 3650 in
512 3594 592 3670 prael.
606 3593 705 3661 laudat,
724 3596 865 3672 excerpsit.
878 3594 973 3652 adiect.
986 3597 1075 3651 notitt.
1089 3595 1192 3652 literar.

173 3679 312 3735 Baronii
330 3679 439 3736 annales
459 3680 554 3737 eccles.
571 3680 625 3737 rid.
644 3680 720 3737 inira.

173 3765 342 3823 Antonius
360 3767 578 3823 Passerinus:
600 3777 744 3845 apparatus
761 3786 837 3822 sacer
854 3776 904 3823 etc.
933 3766 1209 3846 Col.Agripp.1608.

104 3850 148 3906 iol.
168 3847 244 3905 'lom
256 3851 287 3907 ll.
305 3872 332 3929 p.
343 3856 403 3909 229.
423 3852 590 3909 Gennadium
609 3864 695 3910 totum
713 3855 837 3920 inseruit,
857 3852 934 3930 plura
954 3853 1081 3910 mendosa
1100 3853 1208 3922 adiecit,

103 3936 232 3992 Nostrum
254 3936 381 3995 historias
404 3940 437 3995 ad
455 3959 552 3994 annum
571 3959 656 4015 usque
673 3942 724 3994 aar
743 3941 913 4016 perterruisse
931 3940 1067 4008 scribens,
1093 3963 1125 3997 ex
1145 3963 1208 4020 apo·

102 4022 217 4098 legetieo
241 4022 310 4080 duos
333 4023 455 4082 diversos
474 4024 574 4081 faciens
592 4025 685 4082 libros.
727 4025 866 4082 Praeterea
885 4047 937 4082 sec.
957 4027 1056 4086 Boron.
1074 4029 1208 4106 vituperat

102 4106 238 4164 Nostrum.

172 4194 345 4263 (Eiusdem
365 4195 428 4252 bibl.
449 4197 539 4253 select.
560 4198 593 4253 dc
612 4199 715 4254 ratione
733 4199 846 4256 studior.
867 4211 916 4257 etc.
936 4221 990 4256 non
1009 4200 1090 4271 vidi.)
