2640 4764
694 193 759 259 130

173 390 231 426 rnrn
249 369 364 427 interfici
382 369 471 435 inbet;
495 367 528 423 ad
545 367 585 425 IX
603 368 656 424 mil.
676 368 750 424 alior.
770 366 936 424 occiduntur.
972 367 1008 440 Q.
1028 363 1145 423 Catulus
1164 366 1215 436 (al.
1233 367 1277 424 lie
1316 400 1318 407 ·

173 455 272 525 tellus)
296 454 398 512 Sullam
421 455 559 522 admonet3
583 465 693 512 anctore
710 453 739 510 L.
760 452 922 510 Fnrsidio
945 450 1052 508 tabulae
1070 455 1277 533 proscriptorum
1316 460 1318 471 '

173 541 306 598 inductae.
325 575 356 585 -
377 562 401 618 p.
414 544 489 597 aad:
508 543 596 619 primo
614 541 719 597 LXXX
737 540 944 617 proscribuntur
962 547 1011 594 etc.
1031 538 1133 595 deinde
1153 540 1193 596 D:
1211 539 1277 596 Lol·

175 627 240 684 lius
258 627 307 699 (al.
323 627 357 702 Q.
370 627 520 697 Aurelius).
551 648 638 704 neque
656 631 692 683 ita
710 627 773 682 finis
786 624 913 681 caedium.
947 623 1145 681 Crudelissima
1163 625 1198 682 ΙΙΙ.
1212 626 1277 682 blatii

173 734 254 770 mors.
281 713 422 770 Laetorius
441 724 468 769 et
485 713 633 770 Venuleius
653 715 745 771 occisi.
766 743 798 753 -
824 730 849 788 p.
859 714 934 766 351.:
957 711 991 767 bl.
1010 711 1088 768 illarii
1108 723 1191 791 capnt
1209 712 1276 768 Prae·

173 809 250 856 ueste
268 803 391 866 missum3
411 800 442 856 C.
456 800 556 856 lilarius
574 823 589 856 a
607 800 736 857 Lucretio
755 799 885 855 obsessus
904 818 926 854 c.
941 796 1070 854 Telesino
1088 810 1183 856 mutua
1201 810 1277 856 morte

174 888 323 943 concurrit.
336 931 342 942 .
354 931 360 943 .
371 885 447 942 Sulla
458 884 626 943 Carrinatem
638 885 747 962 iugulat.
771 884 968 941 Praenestinor.
979 904 1040 940 sors
1054 884 1156 941 infelix.
1180 885 1276 954 Omnia,

174 982 204 1028 ut
220 972 337 1040 videtur,
356 971 442 1029 eLiv.
454 971 630 1030 LXXXVIII.
663 972 713 1029 Cn.
727 970 870 1049 Pompeius
890 968 1041 1026 Carbonem
1061 980 1088 1026 et
1107 973 1200 1027 socios
1218 975 1276 1028 occi·

173 1058 220 1115 dit.
249 1057 324 1114 Sulla
344 1057 466 1116 dictator.
494 1058 638 1138 Pompeius
652 1062 679 1116 in
692 1058 809 1114 Africam
823 1067 1005 1132 transgressus
1018 1055 1181 1125 Domitium,
1192 1067 1276 1135 postea

172 1143 299 1212 Hiertam,
318 1142 459 1200 Numidiae
476 1165 574 1219 regern,
593 1155 643 1201 etc.
662 1147 751 1201 victor
769 1143 904 1200 interficit.
929 1139 1021 1221 e'Liv.
1041 1140 1198 1200 LXXXIX.

242 1230 277 1298 V,
289 1234 332 1285 22.
351 1250 378 1307 p.
389 1233 560 1287 ata-354:
585 1231 614 1287 P.
628 1230 739 1299 Servii,
763 1233 834 1308 App.
848 1227 942 1286 Claud.
962 1247 1033 1284 coss.
1058 1227 1137 1284 Sulla
1156 1231 1276 1306 privatus.

173 1315 254 1383 „Hoc
277 1316 331 1372 [ine
354 1315 480 1373 conclusa
501 1351 531 1361 -
552 1316 608 1372 sere
631 1317 785 1373 ducentos“
809 1316 921 1391 Eutrop.
941 1323 983 1370 est
1003 1313 1035 1382 V,
1054 1318 1071 1369 6
1090 1325 1161 1372 extr.
1186 1314 1277 1384 „llanc

173 1401 254 1458 linem
273 1401 425 1466 babuerunt
444 1435 475 1445 —
495 1401 551 1459 lere
570 1403 738 1469 ducentos“;
762 1402 817 1459 illis
840 1420 906 1457 vero
930 1403 1031 1456 inserta
1056 1410 1100 1456 est
1120 1401 1276 1480 perioduse

173 1490 325 1564 cognitione
342 1487 413 1545 Livii
431 1488 483 1556 IX,
502 1490 611 1559 (17-)
630 1493 686 1556 19.;
701 1491 761 1560 ¹⁰⁰)
785 1497 889 1544 caetera
909 1506 943 1542 ex
961 1487 1081 1543 eiusdem
1103 1486 1122 1545 l
1141 1486 1276 1545 LXXXIX

172 1577 229 1630 sive
247 1574 298 1631 XC
317 1574 405 1630 addita
423 1575 574 1632 videantur.
588 1619 594 1631 .
609 1619 637 1634 ..
1292 1576 1298 1583 ’

242 1664 351 1737 past:
373 1659 503 1739 Lepidus,
522 1661 597 1717 Sulla
616 1670 730 1726 mortuo,
749 1657 849 1715 bellum
868 1661 1010 1716 resuscitat
1028 1669 1124 1716 contra
1143 1659 1275 1726 Catulum,

172 1745 215 1802 bis
234 1756 369 1802 certatum.
400 1747 484 1804 Alba
504 1757 701 1823 expugnata,
724 1745 818 1823 Scipio
837 1744 934 1823 Lepidi
952 1744 970 1801 f.
990 1747 1106 1802 occisus.
1129 1780 1159 1790 -·
1183 1747 1276 1803 Brutus

172 1855 213 1912 ap.
231 1832 390 1909 Rlb)egium
409 1832 540 1911 (Lepidi)
559 1833 716 1890 interiectus
729 1877 735 1890 .
750 1876 775 1888 ..
796 1852 849 1888 see.
868 1830 928 1887 Liv.
947 1830 1009 1887 XC.

243 1919 290 1989 [ln
309 1919 430 1996 singulis,
449 1923 477 1976 in
496 1921 648 1976 nominibus
668 1928 696 1974 et
713 1918 840 1986 numeris,
859 1920 887 1973 in
906 1917 986 1974 rebus
1006 1927 1033 1973 et
1052 1937 1142 1976 rerum
1157 1939 1276 1977 conamu-

171 2008 253 2074 tione,
273 2026 341 2082 quae
359 2018 509 2084 quantaque
528 2011 564 2064 sit
583 2007 725 2063 diversitas
745 2026 785 2081 ap.
799 2007 905 2083 scriptt.
924 2015 977 2060 tam
990 2003 1120 2073 Graecos,
1140 2026 1221 2080 quam
1235 2004 1277 2061 La·

171 2093 244 2148 tinos
265 2091 298 2146 de
317 2092 389 2148 bello
408 2092 526 2149 Illariano
545 2092 670 2158 Sullano,
691 2092 786 2146 mirum
805 2101 854 2146 est.
891 2091 939 2147 Sic
957 2112 997 2169 ap.
1016 2089 1109 2147 Nostr.
1129 2107 1238 2168 qnoque
1254 2094 1277 2146 in

171 2180 267 2255 quavis
287 2199 371 2255 paene
389 2178 502 2256 periodo
520 2178 564 2234 rel
583 2179 784 2244 conversiones,
803 2176 846 2234 vel
864 2177 1024 2245 differentia,
1041 2175 1084 2232 vel
1102 2197 1235 2254 nusquam
1248 2177 1276 2233 al.

171 2264 251 2321 obvia
268 2264 365 2330 babes3
384 2267 411 2319 in
431 2265 528 2341 quibus
547 2274 635 2320 tamen
654 2264 797 2331 observes,
817 2283 877 2319 eum
896 2265 1008 2319 maxime
1027 2284 1050 2320 c.
1065 2261 1188 2334 Latinis,
1206 2267 1276 2343 impr.

172 2371 195 2407 c.
212 2350 292 2406 Livio
311 2349 399 2406 Iacere
417 2351 591 2425 ubicunque]

242 2436 277 2505 V,
289 2439 332 2492 23.
352 2438 559 2513 pata-mos
585 2434 737 2509 Quatuor
754 2433 842 2491 bella
861 2456 957 2504 nova,
977 2456 1052 2512 quor.
1071 2439 1190 2513 primurn
1208 2435 1276 2492 Ser-

170 2523 345 2578 torianum.
382 2522 523 2598 [Eutropii
542 2520 591 2589 vl,
612 2524 633 2577 l.
658 2519 830 2600 paraphrasis
855 2519 1064 2597 quodammod03
1092 2525 1172 2578 cuius
1196 2522 1275 2579 adbuc

170 2607 251 2665 verba
275 2617 381 2664 exstant
404 2627 488 2683 usque
512 2607 546 2668 ad
568 2607 662 2664 Nostri
686 2628 857 2685 „oppressus
876 2611 940 2664 est“
963 2629 990 2686 p.
1000 2612 1061 2664 355.
1080 2607 1128 2665 lin.
1148 2608 1213 2676 ult,
1234 2609 1275 2665 ubi

169 2714 235 2752 vero
257 2697 310 2750 iam
330 2694 412 2752 verba
436 2714 491 2762 „ex
509 2694 600 2750 Africa
619 2694 741 2772 dilapsus
759 2697 787 2750 in
806 2694 972 2772 Hispanias“
991 2694 1024 2750 de
1042 2692 1168 2751 Sertorio
1186 2695 1277 2772 largir-

169 2801 226 2838 rem
243 2781 363 2837 indicant
380 2780 495 2847 iontem,
514 2800 592 2855 quem
610 2780 692 2858 paulo
710 2790 774 2858 post
792 2779 893 2836 Noster
911 2791 1019 2837 secutus
1039 2781 1103 2850 cst]

239 2869 447 2944 petis-356..
467 2864 590 2922 llIanilius
610 2886 733 2942 procons.
753 2865 857 2922 Galliae
875 2866 908 2921 ab
920 2866 1054 2923 Hirtuleio
1071 2869 1170 2923 castris
1184 2868 1275 2946 copiis·

169 2973 221 3028 que
240 2961 334 3008 exutus
352 2951 466 3006 Ilerdam
484 2950 557 3026 fugit.
579 2950 672 3028 [plura
687 2951 787 3007 Oresio
800 2954 931 3031 propria]
954 2974 1007 3008 sec.
1020 2951 1077 3008 Lir.
1090 2952 1153 3009 XC.
1175 2988 1207 2998 -
1225 2953 1275 3010 Nc·

168 3037 250 3093 tellus
268 3035 377 3113 praeliis
396 3035 520 3110 fatigatus
536 3034 665 3114 Pompeio
685 3041 862 3094 consociatur.
893 3037 919 3094 Is
938 3047 1077 3095 contracto
1096 3039 1131 3095 ad
1150 3039 1275 3096 Pallan·

168 3125 245 3179 tiam
267 3124 399 3191 exercitu,
425 3144 439 3177 a
458 3121 579 3179 Sertorio
604 3123 637 3179 ad
656 3122 839 3180 Lauronem
859 3125 989 3193 vincitur,
1014 3145 1093 3201 quam
1111 3137 1217 3204 captam
1233 3127 1274 3182 bic

168 3208 314 3266 crudeliter
340 3206 526 3286 depopulatur.
570 3209 630 3279 [De
656 3213 775 3267 numeris
803 3212 902 3287 copias.
928 3212 1016 3267 minus
1043 3222 1126 3269 notus
1154 3212 1274 3269 laudatur

169 3294 285 3361 Galba,
307 3293 404 3370 procul
426 3293 508 3350 dubio
531 3294 694 3373 descriptus.
730 3295 818 3353 Verba
843 3317 921 3364 „non
939 3316 989 3372 pro
1009 3297 1133 3365 consule,
1158 3299 1209 3355 sed
1225 3318 1272 3376 pro

167 3379 346 3436 consulibus“
365 3377 506 3435 Ciceronis
525 3391 589 3436 sunt
607 3402 657 3458 pro
676 3381 734 3457 lege
746 3381 836 3438 Nonii.
854 3382 928 3439 XXI.
948 3383 970 3452 §.
981 3385 1024 3440 62.
1054 3383 1199 3443 Praeterea
1212 3386 1272 3441 baec

119 3525 123 3530 ,
166 3467 263 3544 partim
281 3464 362 3544 plane
379 3463 477 3522 dosunt
495 3467 593 3522 omnib.
613 3467 682 3536 aliis,
704 3471 801 3545 partim
819 3467 852 3524 ab
871 3468 967 3525 iisdem
986 3469 1136 3541 differunt]
1159 3504 1192 3516 -
1215 3470 1270 3527 llir-

165 3551 265 3608 tuleius
284 3551 317 3607 ad
334 3550 453 3608 Italicam
470 3553 595 3609 Baeticae
613 3553 705 3608 urbem
723 3575 737 3609 a
755 3553 864 3611 Metello
882 3557 971 3611 victus
988 3557 1017 3611 in
1028 3553 1197 3613 Lusitaniam
1213 3575 1269 3635 pro·

166 3636 240 3712 Ingit.
265 3637 385 3712 [singula
404 3658 446 3714 ap.
465 3636 545 3694 Oros.
565 3639 673 3709 solnm]
698 3660 751 3696 sec.
771 3639 828 3696 Liv.
847 3640 919 3697 XCI.

235 3744 261 3799 p.
271 3726 344 3779 357.:
363 3723 507 3800 Pompeius
526 3724 650 3799 Segidam
670 3727 749 3802 capit.
778 3727 921 3795 [nonnisi
939 3749 981 3806 ap.
1000 3726 1137 3785 Nostrum.
1171 3728 1205 3786 cf.
1223 3727 1267 3785 Ila·

165 3827 235 3863 rerc.
254 3816 310 3862 not.
325 3810 365 3864 13.
385 3808 419 3863 ad
436 3809 462 3864 b.
476 3809 492 3865 l.
514 3843 545 3853 -
564 3821 627 3867 num
646 3811 748 3886 Segeda
767 3811 902 3888 Augurina
921 3835 955 3869 an
974 3813 1089 3888 Segida?
1118 3814 1188 3874 Plio.
1206 3814 1232 3870 b.
1244 3833 1265 3868 n.

164 3891 210 3961 III,
234 3913 258 3947 c.
271 3896 294 3947 l.
318 3892 346 3949 S.
359 3897 390 3960 33
410 3898 443 3949 10
456 3905 482 3951 et
495 3897 537 3951 14.
556 3927 590 3937 -
609 3895 832 3970 „Segienses“??
859 3899 895 3957 id.
914 3899 959 3968 Ill,
983 3920 1005 3957 c.
1018 3905 1045 3956 3.
1069 3900 1098 3956 S.
1111 3903 1137 3970 4,
1150 3903 1208 3972 24]

235 3975 377 4053 Pompeius
397 3989 424 4036 et
436 3980 538 4038 Sertor.
557 4001 643 4057 aequo
656 3981 740 4039 Marte
758 3984 884 4040 dimicant
903 3984 954 4055 (ad
967 3985 1161 4058 Sucroncmi).
1192 3987 1265 4044 Plura

203 4185 205 4188 <
233 4154 303 4225 100)
320 4155 359 4213 At
370 4177 425 4214 non
436 4171 547 4219 centena
560 4164 742 4241 quinquagena
756 4165 828 4223 milia
841 4167 966 4245 capitum,
983 4165 1033 4224 sed
1051 4166 1178 4226 ducena
1197 4189 1222 4248 q.
1233 4187 1263 4224 m.

161 4239 201 4299 ibi
217 4243 319 4300 censita
336 4242 496 4305 referuntur.
