2640 4764
633 181 673 246 m

190 355 456 422 Distributionem
478 358 510 419 in
535 360 637 442 capita
660 358 817 423 editiones
840 357 994 443 plurimae
1018 368 1047 423 et
1063 363 1207 425 vetustis·

101 463 202 528 simae
225 460 343 524 habent
364 460 425 537 (ci.
442 460 663 525 Scbbnemann
679 460 756 524 bibl.
771 462 829 546 Pp.
845 461 865 526 l.
882 462 938 543 l.);
964 485 1000 526 ea
1023 484 1101 528 vero
1124 485 1206 549 quae

101 563 202 628 bodie
225 563 357 651 legitur,
380 585 491 628 recens
516 575 577 642 est,
601 576 633 630 et
655 587 714 650 per
736 565 812 630 Ger.
835 564 1059 654 Bolsuingium
1082 567 1207 632 demum

101 672 157 751 (in
172 667 314 733 editione
331 668 450 734 Colon.
469 671 574 748 1526)
601 681 697 746 eruta,
720 668 771 732 vel
793 672 900 755 potius
923 692 983 755 pro
998 680 1107 735 vetere
1121 692 1208 735 men-

103 772 185 836 dosa
207 772 385 837 substituta.
421 772 947 858 ((31.11111111111111111.)
986 772 1208 853 Codicum‚'ni

77 855 83 865 ’
102 875 208 954 fallor,
230 877 403 954 Portensis,
426 876 635 941 aGrubitzio
660 875 802 954 collatus,
827 880 964 962 capitum
986 881 1145 943 sectiones
1167 881 1208 943 si-

100 979 256 1068 gnificare
277 984 340 1044 iam
360 979 495 1044 videtur.
539 981 582 1044 Et
605 981 697 1045 iaciie
719 980 751 1045 id
775 989 856 1057 erat,
883 1005 978 1067 quum
1000 983 1067 1045 fere
1089 983 1208 1069 ubique

101 1086 228 1148 numeri
257 1106 412 1149 annorum
441 1084 555 1148 adiecti
584 1084 679 1148 talem
707 1084 924 1170 suppeditent,
960 1107 1051 1171 quam
1081 1086 1208 1172 quidem

101 1187 325 1276 Bolsuingius,
348 1192 376 1252 si
396 1188 502 1253 fontes
523 1188 634 1254 Orosii
655 1191 890 1276 investigasset,
914 1191 1070 1274 aptiorem
1091 1193 1207 1278 passim

100 1290 239 1356 reddere
261 1295 425 1378 potuisset.

193 1603 365 1667 Tractandi
393 1606 475 1668 ratio
504 1604 579 1669 lecti
608 1626 626 1667 a
649 1606 770 1670 Nostro
799 1607 999 1671 historiarum
1023 1610 1207 1694 argumenti,

102 1709 217 1791 partim
244 1710 363 1771 iamin
385 1708 648 1773 antecedentibus
672 1709 842 1788 declarata,
870 1714 1001 1775 nonnisi
1022 1722 1059 1777 ut
1080 1710 1208 1797 supple-

102 1821 208 1874 menta
231 1814 320 1896 quasi
343 1811 602 1876 observationum
624 1812 848 1878 nonnullarum
866 1814 1055 1893 adiiciamus,
1079 1820 1184 1903 exigit

191 1916 313 1979 Natura
336 1916 570 2001 propemodum
593 1920 701 2002 operis
721 1917 836 1995 effecit,
859 1928 894 1981 ut
908 1940 985 2002 quas
1000 1919 1142 2006 elegerat
1156 1941 1207 1984 res

102 2019 136 2081 in
166 2019 388 2105 compendium
417 2018 591 2107 redigeret,
620 2024 756 2104 itemque
784 2024 821 2084 in
847 2023 1073 2106 compensandi
1095 2033 1208 2088 natura

103 2125 205 2201 situm,
228 2135 263 2187 ut
287 2146 326 2188 eo
350 2128 420 2209 ipso
443 2145 494 2187 res
518 2127 606 2208 quasi
627 2124 739 2190 faeiem
763 2147 850 2189 suam
872 2136 1059 2211 permutent,
1082 2130 1207 2212 saepius

104 2229 198 2289 etiam
221 2231 446 2313 perspicuitate
469 2239 628 2305 exuantur,
657 2227 754 2313 idque
776 2240 865 2294 tanto
888 2234 996 2318 magis,
1018 2252 1082 2316 quo
1104 2234 1208 2296 minus

103 2341 223 2409 auctor,
247 2331 335 2417 quod
358 2342 616 2417 compensaturus
640 2342 688 2396 est
705 2343 930 2419 argumentum,
952 2345 1152 2420 perspectum
1176 2344 1209 2400 et

102 2433 300 2500 intellectum
322 2436 446 2500 habeat.
485 2435 659 2519 Quomodo
682 2438 715 2500 in
738 2438 823 2502 bisce
846 2448 987 2502 versatus
1006 2442 1047 2501 sit
1062 2440 1208 2518 Orosius,

103 2548 139 2602 ut
161 2550 231 2623 toto
255 2542 288 2603 in
313 2561 411 2625 opere
435 2540 600 2604 commoda
625 2539 765 2628 elegerit,
795 2543 920 2606 evitarit
941 2542 1151 2622 incommoda,
1172 2551 1208 2608 ut

102 2664 170 2706 rem
194 2665 281 2717 suam
304 2644 356 2708 vel
379 2646 493 2708 iuverit
515 2641 568 2706 vel
590 2642 770 2722 offenderit,
793 2656 828 2708 ut
851 2644 1044 2732 disposuerit
1059 2656 1092 2710 et
1107 2646 1208 2713 distri·

103 2745 216 2824 buerit,
238 2749 272 2810 in
295 2749 474 2811 universum
497 2750 557 2810 iam
580 2747 724 2812 vidimus.
761 2751 897 2813 Restant
918 2760 1023 2814 autem
1044 2753 1078 2812 in
1100 2754 1208 2837 singu-

103 2848 154 2913 lis*
174 2850 278 2914 adhuc
305 2849 409 2936 plura,
437 2872 596 2936 nunquam
620 2851 807 2930 omittenda,
826 2874 917 2937 *quae
939 2851 992 2917 vel
1013 2857 1145 2918 maxime
1166 2853 1208 2918 ad

102 2956 219 3018 iustum
243 2965 274 3019 et
296 2964 415 3020 rectum
439 2955 479 3020 de
502 2977 599 3041 opere
616 2957 777 3022 Orosiano
799 2957 949 3021 iudicium
965 2959 1142 3022 necessaria
1163 2960 1209 3021 vi-

103 3054 234 3147 dentur,
260 3062 366 3148 magni
389 3082 465 3125 sane
488 3062 653 3139 momenti,
677 3070 831 3146 quatenus
854 3064 1023 3146 praecipue
1045 3064 1113 3147 ipsa
1134 3065 1208 3142 scri-

101 3165 206 3247 ptoris
227 3164 362 3228 intentio
386 3167 650 3251 magisminusve
671 3164 747 3228 inde
768 3174 928 3248 appareat.
963 3166 1089 3230 Omissa
1104 3170 1209 3253 igitur,

104 3268 195 3330 cuius
216 3270 278 3331 iam
300 3271 509 3347 meminimus,
532 3292 594 3334 nec
615 3273 683 3355 ipse
703 3273 832 3356 ignarus
858 3278 926 3331 erat
947 3277 1073 3345 auctor,
1086 3269 1126 3349 19)
1151 3267 1209 3334 ob·

103 3374 254 3435 scuritate
289 3394 349 3457 per
379 3372 601 3457 compendium
630 3396 734 3437 rerum
751 3373 794 3452 20)
824 3380 855 3435 11
884 3371 1073 3458 excerpendi
1101 3373 1208 3467 fontes

102 3477 261 3540 rationem
284 3487 366 3556 nata,
388 3499 466 3563 prae
490 3480 621 3541 caeteris
644 3479 707 3541 boc
729 3474 944 3554 admonemus,
967 3477 1118 3541 Orosium
1141 3498 1208 3541 non

177 3699 228 3770 19)
251 3701 293 3757 Cf.
312 3702 394 3779 praei.
413 3702 476 3759 iibri
489 3703 527 3759 lll
544 3723 570 3779 p.
581 3704 638 3758 145.
659 3701 776 3759 1111-
795 3701 893 3758 Molem
912 3721 1000 3759 rerum
1016 3703 1123 3778 saepius
1136 3711 1209 3758 11111

103 3787 300 3844 incommodam
317 3788 432 3858 Nostro,
456 3789 572 3864 indeque
589 3790 727 3863 sequentia
745 3808 826 3865 snpra
843 3787 972 3853 vidimus3
995 3790 1039 3843 sin
1056 3798 1143 3845 autern
1161 3791 1209 3844 ito·

103 3893 164 3929 rum
182 3875 333 3950 iterumque
350 3885 462 3953 propter
480 3875 553 3931 illam
572 3874 606 3930 dc
622 3873 778 3930 omittendis
797 3876 959 3949 omissisque
976 3894 1007 3931 se
1022 3885 1139 3943 excusat,
1158 3874 1209 3931 cal·

102 3958 237 4016 liditatem
255 3960 387 4036 quandam
404 3964 582 4039 suspicemur,
599 3963 757 4037 praesertim
774 3962 800 4016 si
818 3961 852 4016 de
869 3961 1009 4036 temporib.
1021 3961 1085 4018 taiia
1097 3965 1210 4019 innuere

102 4044 226 4114 videtur,
246 4046 394 4122 dequibus
413 4049 471 4104 sine
490 4048 572 4104 dubio
590 4046 690 4104 referre
708 4045 747 4102 nil
764 4046 869 4111 babuit;
891 4047 1023 4113 utl,12.
1042 4049 1100 4104 init.
1203 4102 1207 4108 .

105 4170 109 4177 ,
175 4131 229 4201 ab)
252 4131 412 4191 Cuiusmodi
433 4134 516 4192 multa
539 4143 657 4190 exstant:
685 4153 725 4190 ex.
743 4152 783 4208 gr.
801 4130 849 4201 IV,
867 4137 891 4190 7.
915 4155 942 4210 p.
954 4138 1015 4191 234.
1039 4136 1068 4190 in
1085 4133 1209 4191 Aneonis

102 4218 195 4288 clude,
213 4218 246 4276 al.
