2640 4764
687 187 729 252 72

155 387 212 444 „ea
233 369 437 450 tempestate“
460 373 528 443 eto,
549 366 583 429 in
607 362 748 428 Eusebio
772 362 884 427 saltem
905 358 1000 426 valde
1023 362 1207 428 distantium
1223 365 1268 428 in-

157 480 206 534 ter
228 491 263 533 se
286 469 441 533 factorum
465 478 498 533 et
519 467 701 553 mythorum
723 470 849 532 ratione
872 476 1033 553 appareat.

246 572 411 659 Originem
428 581 532 637 autem
548 577 670 637 numeri
686 571 801 637 decimi
822 572 865 653 (l,
882 571 937 634 14:
961 571 1026 635 480
1046 593 1073 634 a.
1087 594 1118 634 u.
1135 593 1163 634 c.
1185 573 1267 650 „Ve-

157 681 271 739 sores“
293 676 500 759 Sesostris),
530 677 569 740 ab
597 674 752 740 hodierna
776 684 885 739 nostra
910 677 1151 760 computatione
1173 673 1267 738 valde

158 778 399 865 discrepantem,
421 802 472 844 me
494 780 663 845 adhucne
686 779 845 844 divinasse
868 778 995 864 quidem
1017 777 1187 865 profiteor.

616 1042 728 1099 TAB.
754 1042 803 1098 n.

333 1152 464 1210 OROSII
485 1154 578 1209 ANNI
601 1152 700 1209 POST
725 1152 857 1208 VRBEM
880 1152 1091 1210 CONDITAM.

399 1274 475 1316 raus
493 1264 520 1315 1:
544 1275 583 1315 in
601 1276 629 1318 v.
647 1275 671 1315 c.
689 1273 790 1319 vsovu
808 1274 848 1314 au
868 1273 935 1314 cna.
952 1273 1024 1314 aar.

159 1396 218 1469 (Cl.
232 1397 372 1455 Laurent:
391 1399 453 1456 lasti
466 1399 568 1457 consul.
582 1399 689 1478 capitol.
708 1398 801 1455 Alton.
814 1401 891 1455 1833.
905 1401 930 1455 8.
948 1420 975 1476 p.
985 1399 1020 1453 85
1033 1417 1083 1473 sq,
1102 1397 1150 1454 ubi
1162 1397 1265 1473 quidem

274 1483 363 1541 tabula
383 1496 488 1542 exarata
506 1507 594 1563 neque
612 1488 823 1554 accuratissima,
841 1506 892 1541 nec
909 1483 1149 1560 locupletissima.)

247 1593 344 1658 Oros.
370 1593 414 1671 ll,
437 1595 468 1657 4.
498 1618 529 1681 p.
552 1597 605 1659 92.
638 1595 783 1673 „Anno“
811 1594 914 1678 inquit
942 1600 1040 1678 „post
1069 1593 1265 1655 eversionem

159 1697 278 1760 Troiae
300 1696 375 1775 414,
398 1697 594 1783 Olympiade
617 1708 721 1762 autem
745 1707 891 1760 sexta-
912 1695 986 1759 urbs
1008 1696 1111 1759 Roma
1131 1734 1176 1744 -—
1196 1716 1265 1759 con-

161 1799 227 1864 dita
251 1803 326 1864 cst.“
368 1798 577 1865 Definitionis
599 1801 731 1864 formam
751 1801 925 1883 Eutropius
947 1801 1099 1883 imprimis
1123 1808 1156 1862 et
1171 1801 1265 1864 Euse-

159 1903 232 1967 bius
256 1903 510 1989 suppeditarunt,
533 1909 630 1983 cuius,
652 1914 689 1968 ut
707 1907 769 1967 iam
786 1901 903 1967 dictum
920 1912 976 1980 est,
998 1901 1204 1989 Olympiadis
1221 1925 1265 1967 ex·

158 2009 349 2093 positionem
382 2011 643 2095 recognoscimus
671 2012 705 2072 in
733 2009 872 2082 Nostr03
907 2027 1072 2070 numerum
1100 2027 1180 2070 vero
1211 2007 1265 2071 sibi

159 2118 360 2195 computasse
382 2109 508 2175 videtur
523 2113 670 2177 Orosius.
708 2110 862 2194 Quamvis
885 2120 991 2174 autem
1007 2110 1059 2172 hic
1078 2108 1119 2175 de
1135 2132 1263 2176 numero

161 2212 291 2277 dubium
313 2233 381 2276 non
406 2235 476 2278 esse
497 2214 651 2293 videatur,
674 2224 779 2278 tamen
801 2214 824 2291 Ι,
841 2216 882 2278 17
907 2215 1037 2277 Troiam
1053 2223 1177 2299 captam
1203 2218 1265 2296 (aut

159 2329 284 2402 raptum
298 2316 457 2397 Helenae)
479 2339 565 2382 anno
589 2319 655 2384 430
678 2328 751 2384 ante
774 2318 884 2383 urbem
900 2319 1080 2404 assignavit
1104 2321 1158 2403 qui
1174 2341 1264 2404 quum

160 2441 198 2483 ex
213 2418 345 2483 Eusebii
367 2423 492 2486 rationo
510 2425 575 2486 429
598 2425 646 2501 sit,
669 2424 736 2486 sive
759 2424 844 2485 hunc
866 2423 934 2485 sive
949 2420 1046 2500 illum,
1069 2432 1157 2486 certe
1175 2422 1265 2487 alium

160 2544 253 2607 quam
284 2522 323 2586 ab
353 2524 474 2589 Orosio
505 2526 675 2592 exhibitum
706 2527 991 2612 exspectaverimus
1020 2548 1198 2591 numerum.
1229 2565 1263 2577 -

160 2625 283 2690 Ibidem
306 2627 364 2706 (ll,
380 2630 409 2691 4.
434 2653 464 2715 p.
478 2631 555 2710 92),
578 2640 613 2697 ut
635 2632 698 2695 hoc
720 2629 875 2708 adiiciam,
901 2632 935 2692 in
957 2628 1076 2693 verbis:
1100 2634 1263 2716 „quinto

161 2728 308 2795 demum
331 2751 426 2810 auno,
450 2744 623 2818 quatuor
643 2738 678 2798 iu
693 2733 799 2799 medio
823 2732 1023 2819 expletis“
1046 2734 1163 2799 menda
1178 2739 1265 2813 inest,

159 2844 195 2898 ut
217 2855 265 2920 ap.
283 2835 411 2911 Euseb,
432 2838 578 2900 nimirum
599 2836 799 2900 scribendum
817 2847 897 2902 erat:
919 2839 1085 2923 „quinto
1110 2859 1265 2926 quoque

160 2957 278 3014 annu,
301 2937 432 3000 tribus
455 2941 495 3000 in
518 2939 650 3004 medio
675 2939 884 3025 expletis.“

248 3042 419 3124 Praeterea
447 3044 596 3125 quoniam
619 3045 652 3106 in
675 3042 796 3111 Christi
817 3046 982 3109 nativitate
1004 3066 1109 3109 aeram
1133 3045 1265 3112 Catonis

72 3133 76 3139 ’
160 3152 287 3209 secutus
310 3154 358 3208 est
373 3144 501 3223 Noster,
525 3149 618 3210 etiam
641 3151 717 3212 anni
739 3147 826 3212 urbis
848 3169 910 3212 soc.
934 3170 1042 3213 aeram
1061 3147 1148 3213 illam
1173 3173 1212 3215 ex
1225 3152 1266 3214 fa

160 3251 216 3312 stis
240 3245 433 3332 Capitolinis
456 3247 564 3327 additi,
591 3250 700 3335 quales
723 3253 872 3336 imprimis
895 3253 1078 3317 nominibus
1094 3255 1266 3320 consulum

162 3351 201 3415 ab
217 3351 338 3415 Orosio
361 3349 496 3435 proditis
518 3353 724 3439 respondent,
747 3354 823 3420 licet
841 3355 1005 3421 nonnullis
1028 3356 1106 3438 (sed
1129 3360 1168 3422 iis
1193 3382 1265 3447 pau-

162 3456 313 3534 cissimis)
335 3457 367 3517 in
391 3451 487 3533 locis,
515 3455 603 3541 quod
625 3457 665 3521 ad
688 3480 737 3522 res
760 3468 883 3545 spectat
904 3458 964 3523 sub
986 3460 1034 3525 his
1057 3460 1163 3527 illisve
1187 3485 1263 3528 coss.

161 3566 280 3644 gestas,
305 3557 455 3622 difleraut
477 3558 580 3624 adhuc
602 3559 764 3648 paulisper
786 3566 967 3650 scriptores.
