2640 4764
698 168 741 234 40

171 335 323 434 cognitio¹
345 343 499 431 quaedam
528 354 664 410 aetatum
687 347 837 410 historiae
859 347 976 410 veteris
1000 344 1111 410 elucet
1148 348 1277 434 'Neque

172 450 212 515 de
235 452 295 513 hec
316 450 428 515 Orosii
449 453 567 515 virtute
591 450 829 515 detrectandam
855 459 910 528 est,
934 472 1027 535 quum
1052 454 1173 517 etiamsi
1196 455 1231 515 in
1243 451 1277 514 il-

171 553 209 618 lis
233 554 354 631 lontes,
377 574 458 638 quos
482 564 530 618 est
552 565 694 633 secutuS,
717 554 887 632 nonnulla,
911 564 1018 619 tamen
1040 577 1145 641 neque
1170 576 1277 619 omnes

171 661 292 736 omnia,
315 678 418 742 neque
441 679 523 722 unus
545 658 702 744 permulta
727 663 756 722 ei
779 658 1061 744 suppeditaverint.

257 764 395 827 Primum
419 782 498 825 vero
522 762 742 847 dispositionis
766 773 799 826 et
821 762 1052 828 distributionis
1075 773 1277 841 momentum,

170 877 207 932 ut
219 869 253 930 in
269 887 368 953 opere
383 866 544 943 historico,
569 864 780 954 chronologia
800 866 1053 944 subministravit,
1076 890 1170 952 quam
1186 871 1277 931 etiam

170 975 300 1036 maxime
330 970 502 1034 observare
525 969 632 1033 studet
653 969 806 1049 Orosius,
835 973 927 1034 sicuti
951 992 988 1034 ex
1011 970 1126 1035 additis
1149 972 1278 1036 ubicun-

171 1098 232 1161 que
262 1096 416 1139 annorum
444 1077 584 1138 numeris
613 1085 753 1159 apparet.
806 1077 847 1138 At
875 1097 970 1159 quum
1000 1085 1100 1139 toturn
1129 1075 1278 1160 quodam-

169 1178 268 1243 modo
298 1181 449 1243 historiae
479 1188 695 1265 argumentum
725 1180 758 1241 in
788 1200 871 1263 opus
893 1200 983 1242 suum
1005 1182 1151 1263 recipere
1173 1180 1278 1258 vellet,

171 1293 202 1346 et
229 1305 289 1368 per
317 1283 413 1348 linem
444 1285 550 1368 operis
574 1282 732 1346 interdurn
754 1284 855 1345 maior
877 1282 1095 1366 postularetur
1118 1288 1278 1369 exposi-

170 1389 243 1466 tio,
267 1391 393 1474 saepius
417 1390 524 1465 etiarn,
546 1386 599 1450 vel
622 1385 966 1477 seiungendisvel
990 1387 1278 1452 consociandis

169 1513 236 1556 uno
259 1490 386 1578 quidem
410 1489 587 1576 eodemque
610 1501 763 1575 tempore,
786 1490 844 1555 sed
868 1489 1000 1554 diversis
1022 1493 1057 1553 in
1077 1492 1169 1554 terris
1184 1491 1278 1555 rebus

170 1600 269 1684 gestis
292 1617 423 1683 operam
448 1594 545 1674 daret,
566 1616 700 1660 necesse
721 1604 798 1658 erat
837 1593 954 1678 Qualia
975 1603 1150 1658 occurrunt
1172 1597 1207 1657 in
1230 1597 1280 1657 tri-

169 1700 229 1764 bus
258 1698 347 1764 libris
377 1699 536 1785 prioribus
571 1704 695 1786 (praec.
725 1701 759 1761 in
788 1719 851 1761 sec.
882 1708 913 1761 et
942 1700 1073 1777 tertio),
1101 1702 1136 1761 in
1166 1698 1279 1782 quibus

171 1803 314 1869 Orientis
339 1814 370 1867 et
392 1802 578 1869 Occidentis
601 1804 803 1867 historiarum
826 1810 947 1886 partes,
970 1812 1041 1867 utut
1063 1801 1124 1865 sibi
1147 1822 1280 1887 respon·

170 1906 248 1973 dent
270 1919 415 1993 ternpore
437 1908 490 1972 vel
514 1911 686 1993 excipiunt,
714 1917 779 1969 tum
803 1916 976 1990 separatas,
1003 1917 1069 1970 tum
1094 1907 1279 1990 coniunctas

169 2016 352 2098 reperimus.
389 2013 428 2076 ln
451 2022 564 2097 quarto
587 2016 649 2076 iam
665 2014 883 2075 Romanorum
905 2032 956 2074 res
979 2021 1090 2096 gestae
1113 2013 1205 2094 quasi
1228 2011 1280 2074 ab·

170 2116 304 2180 sorbent
326 2120 432 2179 omnia
457 2115 525 2193 alia,
550 2137 680 2200 quarum
703 2118 928 2192 seriem-sicut
950 2136 1019 2178 earn
1037 2112 1281 2199 suppeditarunt

170 2220 290 2298 fontes,
319 2218 466 2292 reddidit,
519 2221 557 2282 ln
580 2222 691 2304 quinto
715 2229 819 2283 autem
842 2217 924 2282 libro
953 2230 985 2283 et
1006 2220 1105 2305 magis
1130 2220 1225 2281 etiam
1247 2221 1279 2282 iu

170 2335 275 2402 sexto,
301 2323 356 2387 uhi
378 2326 438 2387 iam
462 2326 628 2410 imperium
650 2326 829 2388 Romanum
852 2331 1004 2387 terrarum
1028 2323 1139 2386 orbem
1162 2321 1280 2408 ample·

170 2427 321 2505 utebatur,
343 2437 438 2511 atque
459 2428 574 2492 eodem
597 2437 742 2512 tempore
761 2424 893 2489 diversis
915 2429 949 2490 in
971 2430 1062 2491 terris
1084 2429 1173 2490 varia
1192 2450 1279 2515 gere-

169 2530 299 2608 bantur,
327 2531 425 2595 modo
454 2531 596 2623 videmus
620 2531 772 2596 Orosium
801 2528 902 2593 solam
926 2530 1168 2617 chronologiam
1193 2554 1279 2597 secu-

170 2645 250 2712 tum,
279 2635 489 2698 diversissima
518 2656 594 2699 sane
625 2645 864 2722 congerentem,
894 2633 990 2699 modo
1015 2632 1118 2699 autern
1143 2635 1279 2701 eundem

170 2742 326 2804 cernimus
349 2738 564 2804 discedentem
587 2760 604 2800 a
627 2738 771 2802 fontibus
794 2741 872 2815 suis,
900 2749 933 2802 et
955 2760 997 2801 ne
1018 2741 1131 2802 iterum
1153 2743 1280 2804 iteruin·

170 2865 232 2929 que
262 2843 408 2907 distantia
438 2841 614 2908 confundat
643 2841 930 2928 coniungendaque
960 2842 1133 2928 discerpat,
1162 2843 1205 2908 ad
1233 2866 1278 2908 se·

169 2945 331 3034 greganda
353 2946 406 3010 vel
429 2944 645 3011 consocianda
661 2943 785 3032 singula
808 2948 864 3024 (ut
885 2949 920 3008 in
942 2944 1030 3009 libris
1054 2950 1185 3031 primis)
1210 2947 1277 3012 red·

171 3061 306 3114 euntem.
357 3051 479 3138 Negari
500 3060 605 3114 tamen
628 3053 752 3133 nequit,
782 3050 933 3114 Orosium
957 3055 1049 3115 etiam
1071 3055 1105 3115 in
1129 3051 1277 3115 ordinan-

170 3151 219 3238 dis
247 3154 447 3220 historiarum
478 3177 602 3218 suarum
629 3152 770 3240 partibus
793 3153 925 3239 singulis
948 3155 1081 3240 ubique,
1110 3154 1164 3218 vel
1187 3158 1275 3221 maxi·

168 3281 250 3321 mam
279 3258 390 3322 saltem
420 3244 556 3344 partem,
586 3255 626 3320 ad
654 3259 754 3320 instar
781 3257 916 3322 fontium
946 3281 1074 3323 suorum
1103 3259 1200 3325 facile
1228 3282 1274 3327 res

169 3383 242 3426 suas
271 3361 331 3424 sibi
360 3361 563 3446 disposuisse.
615 3360 678 3423 Per
706 3368 809 3424 totum
839 3371 943 3427 autem
972 3365 1174 3428 historiarum
1197 3386 1273 3451 opus

168 3467 202 3528 in
227 3464 449 3529 distributione
472 3464 627 3528 factorum
650 3464 848 3550 singulorum
870 3465 922 3529 vel
938 3465 1197 3532 adumbratorum
1213 3479 1274 3532 tan-

169 3578 235 3657 turn
263 3567 316 3631 vel
346 3567 491 3630 diffusius
513 3577 733 3644 tractatorum,
763 3590 863 3653 aeque
887 3591 924 3632 ac
946 3591 1039 3656 supra
1061 3574 1094 3634 in
1118 3570 1272 3660 eligendis

168 3670 294 3761 iisdem,
318 3671 510 3735 arbitrariam
534 3670 690 3757 quandam
713 3675 902 3757 minimeque
925 3659 1115 3739 laudabilem
1140 3675 1272 3742 offendi-

169 3796 238 3838 mus
260 3777 426 3847 rationem.
563 3846 566 3851 ,
598 3847 600 3853 ,
857 3766 860 3771 ’

257 3877 399 3961 Quarum
421 3899 499 3943 sane
520 3903 625 3946 rerum
650 3886 789 3947 omnium
813 3903 906 3945 causa
927 3872 962 3945 in
979 3904 1076 3967 parva
1092 3882 1148 3947 illa
1163 3885 1272 3949 Nostri

168 3978 279 4045 indole
303 3983 538 4068 compensandi,
566 3989 655 4050 utin
677 4007 794 4072 magno
819 3983 998 4050 discrimine
1020 3989 1103 4050 inter
1126 3987 1271 4052 ambitum

168 4073 365 4178 potissimum
396 4086 492 4150 fontis
523 4089 703 4177 principalis
735 4083 766 4153 et
797 4092 903 4173 operis
919 4089 1017 4154 'huius
1041 4090 1197 4155 Orosiani
1219 4112 1273 4178 po-

170 4191 227 4252 sita
252 4196 307 4252 est.

624 4278 823 4290 ι-ι-α-α--ι-ι
