2640 4764
597 1149 636 1232 1.

395 1317 459 1400 nn
493 1316 668 1401 onosn
700 1319 839 1402 vrrs.
936 1262 942 1277 ‘

61 1671 223 1796 Orosius
243 1732 268 1811 ¹)
298 1749 419 1818 genere
449 1740 480 1795 et
509 1733 609 1816 patria
634 1740 719 1797 certe
742 1732 869 1819 quidem
891 1735 1068 1821 Hispanus,
1095 1758 1169 1800 num

58 1856 140 1899 vero
166 1834 433 1910 Tarraconensis,
457 1856 494 1898 ex
516 1839 586 1920 ipsa
610 1838 703 1900 etiam
725 1838 804 1901 urbe
823 1840 1021 1918 Tarracone,
1045 1860 1085 1902 an
1107 1841 1171 1904 Lu-

59 1941 181 2002 sitanus
197 1940 427 2016 Braccarensis‚
446 1938 577 2002 multum
592 1942 675 2005 inter
689 1943 864 2027 scriptores
880 1953 1041 2022 certatum,
1053 1945 1080 2023 ²)
1097 1964 1170 2008 nec-

132 2159 166 2229 1)
184 2156 288 2213 Nomen
301 2158 386 2227 Pauli,
406 2159 479 2236 quod
498 2181 511 2215 a
530 2160 668 2239 plerisque
685 2161 767 2218 hodie
784 2163 940 2241 praeligitur
957 2165 991 2233 ei,
1010 2167 1038 2221 in
1055 2167 1169 2244 scripto·

57 2245 145 2312 ribus,
165 2243 199 2298 de
218 2246 274 2300 eius
293 2247 348 2301 vita
366 2244 497 2313 fontibus,
515 2266 645 2323 nusquam
664 2250 807 2305 invenitur.
844 2249 901 2305 Nec
920 2252 996 2326 prius
1016 2272 1094 2326 qnam
1112 2273 1169 2308 sae·
1225 2255 1241 2269 ”

57 2331 121 2388 culo
139 2329 204 2386 Xlll
222 2331 330 2386 obvium
349 2331 465 2402 videtur,
484 2333 530 2388 ubi
548 2335 576 2388 in
594 2333 714 2389 Ricberii
733 2334 860 2391 chronico
879 2335 1002 2391 abbatiae
1020 2336 1170 2393 Senonicu-

57 2418 124 2473 sis*
145 2427 245 2484 exstat,
271 2421 391 2492 quamvis
415 2419 534 2495 aequalis
554 2441 594 2474 ex.
613 2440 650 2495 gr.
670 2419 831 2476 Vincentius
848 2419 1052 2477 Bellovaceusis
1071 2443 1168 2479 nomen

55 2501 147 2558 adbuc
165 2504 277 2577 ignoret.
313 2501 506 2560 Montiauconii
524 2505 647 2561 codicum
665 2505 765 2573 titulis,
791 2505 864 2581 quod
883 2506 917 2561 ad
935 2528 1097 2584 praenomen
1115 2508 1168 2565 hoc

56 2597 172 2665 spectat,
191 2586 247 2644 fere
265 2589 339 2644 nulla
357 2590 440 2658 fides3
458 2611 522 2647 mss.
542 2590 664 2647 codicum
677 2591 863 2671 Havercampii
875 2591 1048 2649 Florentinus
1065 2603 1168 2651 tantum

55 2677 168 2741 tertius,
193 2695 261 2731 saec.
275 2675 362 2744 xlv„
385 2697 482 2732 nomen
501 2676 587 2732 habet.
629 2676 709 2731 Latet
727 2679 821 2750 igitur,
845 2678 916 2733 unde
934 2681 1089 2754 irrepserit,
1114 2682 1168 2736 nisi

56 2782 91 2818 ex
110 2761 227 2838 simplici
246 2761 324 2820 litera
342 2761 371 2819 P.
391 2765 526 2841 apposita,
546 2783 597 2838 qua
616 2762 660 2819 vel
678 2762 823 2839 presbyter
840 2762 1055 2838 significabatur,
1080 2774 1168 2819 ortum

55 2849 227 2927 accipiamus.

91 2935 108 2966 ⁴*
128 2958 168 3007 ap.
184 2940 314 3012 d'Achery‚
332 2941 445 3011 specileg.
462 2940 514 2992 sire
532 2942 626 2993 collect.
646 2955 692 2992 vet.
710 2940 806 3010 aliquot
823 2939 917 3010 scripte.
937 2941 975 2992 ed.
995 2942 1027 2993 do
1044 2941 1067 2993 la
1082 2940 1167 2994 Barre.

127 3010 170 3060 sol.
195 3010 315 3066 Tom.ll.
333 3011 429 3081 ps603.
449 3040 482 3049 -
503 3012 558 3064 Nic.
573 3015 665 3064 Antou.
684 3011 747 3063 bibl.
762 3012 832 3082 Hisp.
845 3027 891 3064 vet.
917 3011 1019 3064 Tomi.
1039 3012 1055 3063 l.
1066 3011 1090 3064 3.
1110 3031 1130 3063 c.
1145 3013 1166 3064 l.

128 3075 152 3148 ᾗ.
162 3079 204 3132 27.
222 3102 248 3150 p.
261 3081 320 3134 183.
330 3097 386 3144 ret,
403 3083 463 3135 242.
474 3103 532 3135 nov.
542 3084 580 3138 cd.
599 3081 734 3134 chronicon
752 3083 800 3134 hoc
816 3083 878 3133 salso
896 3102 956 3133 saec.
968 3083 994 3132 X
1012 3081 1136 3136 adscribit

128 3182 163 3247 2)
183 3180 274 3239 Series
293 3186 464 3262 scriptorum,
483 3183 552 3239 banc
570 3182 615 3240 vel
632 3183 705 3239 illam
723 3185 877 3260 opinionem
890 3184 1057 3249 sectantium,
1076 3182 1167 3238 landa·

54 3276 101 3323 tur
119 3288 159 3345 ap.
173 3266 232 3324 Nic.
244 3269 345 3326 Antan.
364 3269 381 3326 l.
396 3269 413 3325 l.
432 3291 460 3347 p.
472 3273 530 3326 178.
543 3282 606 3340 vet,
624 3274 684 3326 235.
699 3268 738 3324 ed.
750 3289 821 3337 nov,
842 3268 940 3345 quibus
953 3267 1062 3324 adiicias
1076 3267 1165 3325 Valer.

53 3352 200 3422 Andream,
221 3353 302 3412 Gerb.
317 3354 452 3426 vossium,
472 3355 666 3434 PopeBlount,
685 3355 812 3422 Cassum,
831 3352 991 3422 Fabricium,
1010 3353 1166 3422 Funccium,

53 3437 272 3516 flambergerum,
291 3441 452 3509 Harlesium‚
472 3442 563 3510 Colln,
581 3442 659 3510 alios,
678 3461 770 3496 omnes
790 3439 846 3496 sere
858 3438 1087 3494 Tarraconensem
1105 3459 1166 3494 esse

55 3525 186 3583 Orosium
209 3530 291 3604 magis
315 3539 467 3585 asserentes
492 3549 568 3604 quam
593 3527 816 3583 demonstrantes.
857 3524 931 3580 ldem
955 3523 1028 3579 valet
1051 3522 1085 3578 de
1102 3526 1165 3579 istis

53 3615 159 3689 paucis,
178 3636 246 3691 quos
266 3637 280 3669 e
298 3635 409 3671 numero
429 3637 443 3670 a
461 3614 519 3670 Nic.
533 3615 652 3669 Antonio
670 3612 839 3668 laudatorum
857 3610 1038 3689 Hispanorum
1057 3611 1102 3678 (et
1113 3607 1166 3664 Lu-

54 3703 221 3770 sitanorum)
245 3703 379 3780 inspicere
397 3701 462 3757 mibi
480 3700 570 3768 licuit,
594 3698 711 3755 Iohanne
730 3697 913 3766 Geruudensi,
937 3695 1082 3752 Francisco
1101 3692 1166 3750 Tar-

52 3786 119 3855 rala,
140 3787 254 3856 Vasaeo,
272 3788 387 3844 Nonio*
405 3819 438 3828 —
457 3789 485 3842 in
504 3786 622 3843 Schottii
640 3784 715 3861 Hisp.
735 3784 833 3840 illustr.
851 3818 880 3826 —
901 3792 928 3838 et
947 3780 1083 3836 Garibaio.
1115 3778 1166 3835 Fu·

53 3875 112 3929 sius
132 3884 221 3929 actum
239 3884 281 3930 est
299 3874 333 3930 de
352 3873 445 3929 Orosii
464 3876 558 3950 patria,
578 3882 608 3928 ut
625 3871 741 3938 videtur,
764 3873 872 3926 nonnisi
890 3868 923 3923 ab
942 3865 1070 3944 Hispanis
1087 3863 1166 3920 Lusi-

51 3961 181 4035 tanisque
205 3960 377 4037 quibusdam,
401 3980 431 4015 ac
450 3959 596 4016 verisimile
616 3977 683 4036 opus
703 3955 737 4011 de
754 3955 804 4010 hac
822 3975 852 4010 re
869 3953 1011 4009 maximum
1028 3948 1165 4029 prodiisse

52 4048 93 4102 sic
112 4048 282 4122 insignitum:

125 4132 337 4201 „Dissertaeion
355 4133 485 4188 historica
504 4152 554 4208 por
568 4130 592 4186 la
605 4131 690 4208 patria
704 4128 738 4184 de
750 4125 833 4182 Paulo
848 4125 957 4194 Orosio,
977 4143 1028 4200 que
1042 4120 1087 4177 lue
1100 4118 1165 4175 Tar·

51 4237 152 4294 ragone
171 4239 205 4274 en
224 4217 363 4287 Cataluna,
385 4239 405 4292 y
422 4239 458 4273 no
477 4218 563 4292 Braga
582 4238 615 4273 eu
634 4212 768 4289 Portugal,
792 4233 825 4268 en
844 4232 896 4288 que
914 4232 944 4267 se
962 4206 1105 4265 satisiaeen
1122 4207 1164 4262 las

941 4303 962 4364 2
