2640 4764
683 170 726 236 te

242 348 433 435 Argumenta
455 349 554 434 igitur
576 349 609 410 in
631 349 813 411 mriversum
835 348 915 412 baec
937 357 1023 411 sunt:
1047 353 1258 434 comparatio-

150 473 209 517 nes
231 462 408 538 temporum
430 454 572 536 priorum
597 461 628 515 et
649 454 871 536 praesentium,
893 473 956 516 uua
980 475 1049 516 cum
1069 453 1257 520 inductione

150 577 218 620 non
247 555 349 620 solum
374 577 392 619 e
415 556 518 634 iactis,
533 555 600 627 vel
623 555 729 633 dictis,
758 553 810 618 vel
833 555 991 634 dicendis,
1020 557 1195 622 sedetiam
1220 580 1257 623 ex

152 663 254 723 causis
278 657 470 744 quibuslibet
492 663 683 747 corrogatis,
705 663 814 744 priora
835 661 1054 744 praesentibus
1078 683 1149 726 esse
1172 672 1257 726 atro-

151 767 252 840 ciora,
267 765 309 843 ²⁹)
337 767 452 848 passim
484 762 591 828 addita
618 762 670 826 vel
693 763 870 851 significata
892 786 968 827 vera
990 763 1145 829 malorum
1167 788 1257 851 prae-

150 869 285 931 sentium
309 870 448 954 origine;
463 867 706 931 admonitiones
730 876 761 930 et
784 871 989 931 evocationes
1012 868 1053 932 ad
1076 868 1256 957 intelligen-

150 975 223 1036 tiam
252 982 284 1035 et
307 970 619 1056 contemplationem
649 974 768 1034 rariora
792 982 896 1035 autem
919 972 998 1035 baec
1019 983 1107 1053 sunt,
1137 985 1257 1038 conatu

149 1074 259 1138 babito
283 1075 324 1139 ad
347 1075 577 1140 construendas
600 1076 747 1139 historias
769 1075 823 1138 vel
845 1086 942 1154 totas,
970 1077 1024 1141 vel
1045 1078 1183 1141 maiores
1206 1099 1256 1141 ea-

149 1199 217 1242 rum
241 1189 356 1262 partes,
378 1178 552 1244 secundum
574 1182 755 1245 interiorem
771 1178 936 1264 quemdam
953 1183 987 1243 in
1002 1202 1037 1244 se
1053 1203 1175 1259 nexum,
1198 1181 1255 1246 ubi

149 1280 275 1367 quidem
298 1305 423 1369 semper
444 1287 478 1348 in
501 1286 633 1368 mystica
657 1284 724 1347 abit
746 1284 891 1348 Orosius.

236 1386 366 1452 Indoles
383 1388 614 1453 Orosianorum
636 1388 920 1452 additamentorum
938 1391 1070 1452 omnino
1085 1386 1255 1472 πολεμική,

149 1489 237 1574 quod
270 1490 355 1554 idem
387 1491 544 1580 indigetat
576 1496 636 1557 ista
669 1494 836 1577 inscriptio
870 1489 1046 1568 „adversus
1075 1497 1253 1580 paganos“.

149 1594 316 1659 Praeterea
339 1595 437 1660 modo
460 1607 630 1683 negantem
654 1619 722 1661 eam
745 1595 965 1673 observamus,
995 1605 1028 1660 et
1048 1597 1112 1658 boc
1134 1600 1255 1682 praeci-

148 1721 227 1784 pue,
252 1699 350 1763 modo
375 1699 597 1780 affirmantem,
621 1701 707 1786 quod
730 1703 845 1774 rarius;
874 1702 993 1785 pariter
1014 1699 1185 1785 specialem
1210 1710 1255 1764 at-

149 1826 211 1888 que
246 1803 471 1882 universalem,
505 1827 585 1889 quae
618 1804 795 1890 respondet
827 1806 990 1867 maximam
1018 1813 1140 1888 partem
1170 1804 1255 1867 astir-

147 1911 259 1985 manti,
290 1917 324 1972 ut
351 1907 406 1971 illa
435 1911 579 1996 neganti,
607 1930 668 1972 nec
689 1920 794 1972 tamen
817 1929 957 1992 semper,
985 1928 1089 1992 neque
1112 1908 1198 1972 bunc
1220 1911 1255 1971 in

147 2011 289 2089 modum,
319 2022 355 2076 ut
382 2013 502 2098 ubique
530 2012 662 2076 alterum
692 2013 732 2076 ab
762 2010 863 2075 altero
892 2014 1124 2075 accuratissime
1152 2015 1256 2098 possit

148 2114 296 2203 disiungi,
324 2119 471 2199 quoniam
496 2119 587 2180 etiam
611 2116 668 2180 ubi
689 2116 833 2193 affirmat,
855 2137 979 2200 semper
1000 2115 1069 2179 fere
1091 2126 1198 2203 negat,
1222 2128 1254 2179 at

147 2241 215 2284 non
239 2219 294 2284 ubi
315 2230 426 2306 negat,
449 2223 541 2285 etiam
565 2221 702 2284 affirmat
722 2240 856 2305 semper.
881 2221 1010 2284 -lam
1032 2223 1059 2282 si
1081 2222 1254 2305 praecipue

146 2324 341 2410 redarguere
365 2335 499 2389 conatur
514 2326 660 2402 Orosius,
682 2324 745 2388 boc
767 2323 842 2388 ideo
865 2323 948 2400 facit,
971 2321 1058 2407 quod
1082 2327 1182 2408 prima
1195 2333 1254 2386 ⁴to-

147 2430 211 2493 tius
240 2431 346 2513 operis
377 2451 471 2505 causa
501 2438 550 2492 est
575 2428 723 2492 refellere
746 2427 933 2511 opprobria,
964 2437 996 2490 et
1018 2426 1104 2511 quod
1128 2425 1253 2490 facilius

147 2531 181 2597 id
205 2541 252 2596 est
274 2534 369 2616 quam
391 2553 447 2596 sua
471 2531 655 2610 defendere,
675 2554 714 2595 ac
735 2530 868 2615 simplici
889 2533 925 2594 in
946 2534 1184 2616 comparatione
1199 2553 1254 2595 va-

146 2640 214 2707 riae
235 2635 403 2700 refellendi
425 2639 571 2700 rationes
590 2634 840 2722 suppeditantur.
892 2635 948 2698 Sin
970 2656 1048 2698 vero
1072 2634 1254 2699 affirmandi

145 2740 372 2826 asserendique
393 2751 506 2826 partes⁵
519 2743 621 2805 minus
636 2739 843 2825 amplectitur,
864 2737 996 2816 idiacit,
1019 2743 1168 2823 quoniam
1184 2760 1253 2803 sac⁴

145 2848 231 2932 plue,
261 2855 297 2909 ut
317 2847 394 2929 ipsis
417 2848 485 2908 eius
507 2845 615 2910 verbis
638 2845 775 2924 utar,³⁰)
805 2842 846 2905 de
869 2846 1005 2920 arcanis,
1029 2864 1110 2928 quae
1132 2864 1253 2928 pauco-

146 2971 215 3014 rum
236 2957 358 3011 tantum
380 2946 532 3028 fidelium,
555 2971 635 3034 quae
656 2947 770 3012 fideles
793 2945 1029 3032 quodammodo
1050 2945 1253 3011 obedientes-

147 3076 217 3140 que»
236 3055 415 3137 requirunt,
442 3051 531 3138 loqui
560 3051 711 3129 debebat,
741 3060 773 3115 et
801 3053 949 3136 quoniam
973 3053 1052 3115 haec
1073 3061 1137 3114 tam
1160 3055 1252 3136 operi

147 3181 239 3244 quam
260 3160 393 3244 paganis
416 3161 516 3245 magis
540 3157 652 3232 aliena,
674 3176 771 3240 seque
791 3157 829 3219 iis
845 3157 947 3219 minus
961 3166 1069 3240 aptum
1086 3159 1189 3220 sentit.
1208 3193 1250 3206 -

146 3262 241 3346 Quae
269 3259 620 3347 memoravi·specielia
641 3259 870 3335 additamenta,-
896 3260 989 3336 baec,
1019 3259 1137 3344 ubique
1160 3269 1251 3323 certo

146 3364 314 3430 subiuncta
337 3375 411 3429 sunt
433 3365 527 3441 iacto,
549 3386 610 3427 nec
633 3363 699 3426 lere
721 3362 792 3448 plus
810 3385 902 3448 quarn
919 3366 1185 3448 comparationem
1202 3387 1251 3427 re-

145 3491 213 3535 rum
241 3471 480 3557 praeteritarum
509 3478 541 3532 et
568 3470 782 3552 praesentium
803 3469 972 3555 praebent,
999 3466 1084 3531 unde
1106 3479 1251 3552 patescat

145 3573 259 3638 melior
280 3575 390 3639 barum
412 3569 569 3636 conditio:
592 3570 647 3635 ubi
670 3593 747 3636 vero
764 3574 846 3636 hauc
861 3573 1010 3637 observes
1026 3574 1249 3651 inversionem,

145 3681 236 3741 utin
258 3676 496 3762 prioribus-sex
517 3673 606 3738 libris
629 3681 798 3760 praeterita
821 3678 979 3741 atrociora
1000 3678 1162 3740 maximam
1178 3699 1250 3762 par-

147 3887 151 3893 ·
215 3849 268 3919 29)
291 3848 414 3917 „Nactus
439 3849 509 3903 enim
531 3868 590 3905 sum
611 3853 772 3929 praeteritos
785 3849 850 3907 ¹dies
868 3871 922 3907 non
941 3849 1028 3906 solum
1046 3871 1131 3927 aeque
1148 3861 1178 3906 ut
1195 3851 1248 3907 bos

145 3955 252 4011 graves,
270 3954 364 3991 verum
382 3936 460 3990 etiam
477 3943 551 3990 tanto
570 3939 687 3994 atrocius
705 3939 832 4004 miseros,
852 3945 952 4014 quante
968 3935 1074 4012 longius
1093 3959 1107 3992 a
1126 3937 1249 3993 remedio

145 4042 224 4079 verae
240 4020 378 4096 religionis
396 4019 521 4079 alienos“
540 4033 589 4081 ete.
608 4023 689 4102 praef.
708 4023 743 4081 ed
755 4023 867 4099 August.
887 4022 977 4079 libel
996 4045 1022 4098 p.
1033 4027 1058 4080 5.
1094 4023 1172 4097 Quae
1190 4023 1248 4080 ubi·

144 4109 185 4173 ris
203 4106 322 4164 redeunt„
676 4105 680 4112 ’

214 4201 267 4270 eo)
288 4200 350 4270 vu,
371 4206 393 4258 1.
477 4263 480 4269 ,
519 4266 523 4270 Α
567 4172 570 4177 ’
