2640 4764
628 198 691 265 155

175 373 235 442 Vll,
250 376 305 429 lu:
323 373 416 430 itidem
429 373 502 431 Suet.
521 376 550 430 iu
567 375 623 430 rita
635 373 783 431 Domitiani
801 373 870 452 plur.
889 375 917 429 iu
934 372 986 432 loe.
998 376 1144 452 repetitum
1161 394 1210 451 po·

101 461 239 516 tissimum
255 480 320 514 vero
338 482 364 537 p.
378 463 439 518 183.
458 463 487 517 in
504 482 542 517 ee.
563 464 604 516 13.
622 464 657 516 10
669 481 728 536 sqq.
745 464 771 517 5.
788 464 812 516 6.
849 461 974 536 Denique
995 483 1022 539 p.
1037 464 1097 517 let.
1116 460 1210 518 ultima

102 549 203 625 capitis
221 547 303 604 verba
322 546 445 605 Suetonii
462 557 527 603 sunt
544 567 559 602 e
577 549 632 602 vita
650 548 799 603 Domitiani
817 550 849 602 17
870 547 920 603 sub
939 547 985 604 liu.

282 696 283 699 ‘
363 728 387 799 e.
410 731 449 785 15.
491 727 523 784 c.
547 726 728 785 coeunt.
753 726 948 786 rnorrvs

477 842 576 898 (LIBRI
594 841 835 896 insubulantur.)

193 958 264 1022 Nec
279 956 435 1021 Suetonio
451 961 552 1021 rarius
568 959 698 1021 Tacitus
713 954 860 1020 laudatur
875 977 893 1018 a
907 955 1040 1032 Nostro,
1063 964 1095 1017 et
1109 976 1210 1040 aeque

102 1063 190 1126 huuc
211 1064 244 1124 in
267 1059 404 1138 modum,
432 1071 468 1125 ut
490 1061 698 1139 historiarum,
721 1082 798 1146 quas
821 1057 907 1123 solas
930 1061 1041 1123 ascivit
1063 1059 1210 1138 Orosius,

102 1169 167 1229 isto
191 1174 334 1250 tempore
358 1154 642 1230 celebritas'valde
665 1164 832 1251 probetur.
870 1165 1003 1227 Minime
1024 1171 1129 1226 tamen
1144 1174 1211 1228 tan·

103 1279 218 1353 topere
241 1271 279 1333 iis
302 1291 377 1332 usus
400 1279 455 1346 est,
477 1291 550 1333 nam
574 1274 706 1356 etcepto
729 1267 863 1332 forsitan
886 1289 951 1332 uuo
967 1267 1051 1345 loco,
1074 1288 1141 1331 non
1156 1266 1210 1331 ad-

103 1372 244 1452 hibetur,
271 1375 332 1436 nisi
354 1372 408 1436 ubi
431 1376 544 1438 citatur
567 1375 710 1451 Tacitus,
731 1371 839 1457 ibique
861 1371 1066 1435 brevissimae
1089 1382 1210 1435 tantum

103 1479 238 1540 notitiae
268 1480 334 1541 eius
365 1486 496 1540 exstant.
542 1479 672 1541 Tacitea
695 1486 798 1539 autem
821 1475 896 1539 facti
919 1477 1091 1560 cuiuspiam
1115 1495 1211 1560 crpo-

103 1583 179 1645 sitio
204 1584 355 1645 coutinua
377 1580 445 1645 iere
467 1602 622 1666 nusquam
646 1600 813 1644 occurrere
835 1578 970 1643 videtur.
1007 1579 1051 1642 At
1073 1577 1211 1642 animad-

103 1693 263 1749 vertamus
293 1695 436 1771 oportet,
465 1706 542 1750 sane
564 1683 708 1749 locorum
732 1686 936 1747 Taciteorum
957 1685 1119 1747 maximam
1142 1706 1211 1769 par-

103 1801 167 1852 tem
192 1810 229 1852 ex
251 1789 450 1853 historiarum
473 1788 561 1854 libris
584 1787 758 1874 deperditis
773 1797 929 1873 sumptam
945 1808 1023 1851 esse.
1061 1789 1142 1853 Loci
1157 1810 1211 1853 au·

103 1902 168 1955 tem
192 1894 254 1977 ipsi
275 1893 407 1981 singuli,
429 1916 513 1958 nexu
534 1896 661 1957 minime
684 1895 767 1956 inter
789 1914 823 1956 se
847 1893 1023 1971 coniuncti,
1045 1892 1079 1955 hi
1101 1901 1187 1957 suut:

174 2012 200 2080 l,
213 2017 237 2069 5.
256 2035 283 2092 p.
293 2016 350 2083 tu,
369 2015 415 2072 uhi
434 2014 467 2072 de
485 2013 662 2093 pentapoleos
680 2015 800 2081 interitu,
819 2012 907 2069 Taciti
926 2011 995 2068 duae
1012 2012 1047 2070 de
1060 2015 1128 2070 mari
1141 2035 1211 2071 mor-

103 2100 185 2156 tilero
203 2103 350 2158 afferuntur
367 2102 473 2181 periodi
490 2123 525 2158 ex
541 2100 636 2157 histor.
654 2098 701 2156 lib.
714 2098 749 2167 V,
763 2104 788 2156 7.

175 2186 196 2255 l,
210 2191 251 2244 10.
270 2210 297 2265 p.
307 2192 363 2256 53,
389 2189 435 2245 uhi
453 2189 488 2245 de
506 2187 628 2244 discessu
646 2185 842 2254 Israelitarum,
861 2183 949 2240 Taciti
968 2184 1001 2239 de
1018 2183 1115 2261 Moyse
1132 2187 1208 2264 impr.

104 2273 187 2327 verba
206 2283 311 2329 exstant
330 2295 363 2330 ex
380 2275 442 2333 hist.
461 2273 552 2342 lih.V‚
564 2278 589 2330 3.
611 2307 642 2318 -
666 2272 725 2328 Hoc
744 2281 822 2347 atque
839 2274 932 2349 priore
949 2271 1024 2338 loco,
1047 2281 1078 2328 ut
1095 2275 1211 2348 corrigat

104 2368 132 2414 et
151 2358 274 2416 emendet
291 2359 391 2417 Noster
409 2361 479 2418 dicta
499 2361 594 2417 Taciti.
622 2358 673 2430 (cf.
691 2379 772 2437 supra
791 2360 812 2429 §.
827 2360 852 2414 6.
871 2358 917 2414 ubi
936 2358 970 2415 de
988 2356 1052 2415 bibl.
1071 2359 1153 2428 sacr.)

175 2444 234 2514 Vll,
246 2451 272 2502 3.
291 2468 318 2524 p.
327 2450 400 2504 458:
418 2469 484 2505 sene
501 2448 623 2524 Augusto
641 2445 789 2523 patefactus
807 2445 885 2502 lanus
903 2445 937 2501 ad
953 2444 1149 2522 Vespasianum
1166 2466 1211 2503 us·

104 2552 165 2607 que.
203 2532 291 2589 Taciti
312 2534 411 2590 verba
432 2534 574 2592 laudentur
593 2555 608 2589 e
625 2542 702 2610 parte
721 2531 860 2609 deperdita
878 2532 1013 2587 historiar.
1032 2531 1084 2600 (cl.
1104 2530 1166 2600 Vll,
1184 2535 1210 2590 9.

104 2639 130 2694 p.
140 2620 201 2674 481.
220 2628 248 2674 et
265 2618 339 2696 Lips.
353 2622 433 2696 antiq.
452 2620 525 2676 lectt.
538 2620 571 2688 ll,
591 2641 613 2677 c.
624 2625 648 2677 8.
667 2641 693 2698 p.
706 2621 763 2679 121.
792 2638 855 2696 opp.
869 2619 953 2673 critic.
972 2616 1014 2673 ed.
1026 2616 1118 2674 Autw.
1132 2621 1209 2675 1611.

104 2707 144 2772 4.,
167 2706 281 2779 respicit
297 2705 330 2761 ad
349 2704 422 2762 Suet.
441 2706 504 2763 Ner.
525 2711 558 2762 13
576 2707 658 2776 extr.)

176 2787 235 2856 Vll,
247 2792 271 2845 9.
291 2811 317 2867 p.
327 2793 400 2848 tto:
420 2791 453 2847 de
470 2814 579 2849 numero
593 2813 693 2860 caesor.
706 2790 828 2848 ludaeos.
842 2799 918 2867 capta
931 2790 997 2846 urbe
1009 2788 1209 2866 Hierosolyma:

105 2877 203 2930 citatur
222 2874 326 2932 Tacit.
345 2898 360 2932 e
377 2888 445 2955 part.
459 2878 568 2958 deperd.
582 2879 644 2936 hist.
657 2877 699 2949 (V
708 2878 737 2948 1)
765 2877 815 2948 (ci.
830 2884 967 2954 praeterea
981 2876 1093 2932 eundem
1105 2877 1139 2946 V,
1153 2880 1209 2947 13.)

105 2960 163 3016 Sed
186 2963 236 3017 iam
261 2981 287 3038 p.
296 2965 357 3019 479.
375 2962 421 3020 liu.
432 2968 474 3022 12.
496 2987 510 3022 a
528 2967 619 3023 verbis
637 2964 701 3023 inde
724 2964 826 3033 „Titus
843 2982 909 3018 vero
928 2967 1043 3039 magna“
1062 2965 1157 3022 saltem
1175 2966 1211 3023 ed

103 3046 152 3104 lin.
163 3050 205 3103 19.
224 3053 419 3117 „reservaret“
437 3051 567 3127 quaedam
586 3074 620 3110 cx
637 3052 696 3109 eod.
715 3052 779 3108 hist.
797 3050 868 3106 libro
887 3049 997 3127 deperd.
1016 3051 1049 3109 de
1068 3053 1210 3112 obsidione

104 3143 133 3189 et
151 3137 347 3210 expugnatione
363 3135 567 3212 Hierosolymae
583 3149 688 3196 servata
706 3138 840 3195 videntur.

98 3234 103 3241 ·
176 3217 420 3298 V11,lo.p.483.:
445 3225 472 3279 in
494 3223 567 3280 hello
590 3225 738 3280 Domitiani
760 3225 861 3280 Dacico
880 3223 1029 3300 Diurpanei
1051 3227 1211 3301 praesertim

105 3314 199 3360 contra
217 3304 333 3363 Tuscum
350 3329 394 3365 res
411 3307 526 3367 ielieiter
542 3320 646 3386 gestae,
667 3322 779 3389 propter
797 3309 885 3366 Taciti
902 3308 1064 3387 locupletem
1082 3314 1211 3368 narratio·

104 3412 167 3446 nem
190 3395 349 3451 omittuntur
369 3398 466 3472 magis,
489 3417 568 3473 quarn
590 3397 743 3455 afferuntur.
786 3396 917 3474 Spectant
938 3398 1003 3452 item
1024 3395 1060 3452 ad
1080 3407 1146 3474 part.
1165 3398 1211 3456 de·

104 3477 181 3556 perd.
199 3478 294 3536 histor.

176 3565 236 3634 Vll,
249 3570 290 3622 19.
308 3589 336 3645 p.
347 3571 407 3625 511.
427 3588 480 3624 sec.
500 3568 623 3625 Tacitum
646 3568 690 3646 (p.
710 3568 819 3647 deperd.
838 3569 916 3638 hist.)
936 3567 1005 3638 lani,
1028 3578 1092 3647 post
1113 3591 1210 3628 annum

104 3672 187 3709 unum
207 3673 221 3708 a
239 3651 408 3730 Vespasiano
425 3656 522 3711 iterum
540 3655 680 3733 patefacti,
698 3658 818 3712 meminit
836 3656 961 3713 Orosius.

181 3738 237 3807 Vll,
248 3743 291 3795 27.
310 3761 337 3817 p.
347 3744 407 3797 532.
427 3744 538 3819 respicit
551 3742 584 3799 ad
598 3743 684 3799 Tacit.
697 3741 759 3798 hist.
770 3740 803 3810 V,
813 3745 838 3797 3.
851 3763 931 3821 supra
943 3742 964 3810 l,
976 3746 1016 3799 10.
1029 3752 1210 3801 memoratum.

176 3826 302 3902 Denique
319 3825 438 3883 ultimam
449 3828 589 3905 periodum
607 3831 703 3906 capitis
716 3831 741 3884 8.
759 3827 806 3883 lib.
817 3826 873 3883 Vll.
893 3850 919 3906 p.
928 3831 989 3885 478.
1009 3828 1043 3885 de
1056 3829 1210 3886 conditione

103 3911 208 3968 Romae
225 3910 305 3989 paulo
322 3923 387 3990 post
398 3913 538 3972 Vitellium
555 3914 733 3984 interiectum,
751 3914 867 3971 eTaciti
884 3915 1020 3972 historiar.
1038 3913 1086 3984 lV,
1105 3920 1129 3972 1.
1148 3935 1211 3972 eon·

103 3998 202 4054 sectam
219 4000 375 4056 existimem.
