2640 4764
597 192 700 279 ar,

54 367 146 432 Idem
168 373 258 453 patet
282 386 319 428 ox
340 364 481 451 singulis,
506 387 586 450 quae
611 387 652 431 err
670 369 801 434 arbitrio
826 373 1043 456 potiusquam
1057 393 1166 436 neces-

55 475 152 536 sitate
176 468 312 555 quadam
334 477 463 531 coactus
485 471 619 534 inseruit
640 475 814 536 narrationi
837 495 922 537 suae.
939 475 967 554 θ)

146 573 337 656 Eodemque
364 570 463 635 modo
493 595 556 656 quo
586 574 672 658 quod
701 579 813 640 attinet
834 568 960 664 singula
983 578 1081 665 elegit
1101 577 1164 658 illa,

57 703 94 744 ex
116 678 219 743 altera
241 686 331 763 parte
354 678 485 741 evitavit
507 677 642 762 quodvis
664 679 789 757 iactum,
812 681 1055 766 ascriptoribus
1071 684 1103 744 in
1120 681 1164 744 la-

55 805 168 849 vorem
198 781 330 845 deorum
360 779 530 844 multorum
561 780 663 845 cultus
690 791 723 846 et
744 786 1004 847 caerimoniarum
1026 787 1088 847 iam
1111 807 1164 848 an-

57 891 189 974 tiquitus
212 894 378 961 servatum,
405 893 516 947 contra
539 883 630 970 quod·
648 888 775 949 minime
798 889 1014 973 sagacissimus
1035 889 1070 950 in
1092 909 1164 951 suos

55 1015 124 1057 rum
147 993 281 1078 gratiam
304 986 415 1052 melius
438 985 513 1071 quid
534 988 680 1072 prolerre
702 990 873 1054 nesciebat.
887 993 914 1070 ⁷)
936 1041 940 1046 .
958 992 1037 1054 Item
1058 973 1164 1055 omisit

56 1115 139 1181 quae
168 1113 231 1178 pro
259 1090 374 1155 solatio
402 1100 433 1154 et
454 1090 633 1155 lenimentis
656 1093 810 1158 malorum
833 1104 865 1158 et
887 1092 1024 1157 cladium
1045 1114 1163 1158 memo-

55 1208 194 1263 ratarum
216 1198 250 1258 in
273 1193 407 1282 gloriam
429 1205 572 1259 veterum
588 1199 714 1281 possint
728 1200 837 1284 accipi.
851 1199 879 1278 ⁸)
916 1197 1069 1281 Quamvis
1084 1198 1165 1261 haec

55 1305 134 1389 ipsis
158 1300 273 1365 Orosii
296 1298 401 1362 verbis
429 1303 554 1384 possint
577 1304 732 1379 excusari,
761 1302 815 1365 ubi
839 1300 915 1365 dicit
943 1300 1045 1380 „alios
1067 1300 1162 1381 bella,

56 1428 92 1470 se
119 1408 225 1489 ipsum
253 1401 412 1466 bellorum
440 1405 580 1466 miserias
611 1404 792 1483 evolvere“,
820 1405 875 1469 vel
898 1408 990 1469 etiam
1019 1427 1076 1483 „se
1099 1408 1162 1468 vim

55 1530 177 1586 rerum,
199 1527 267 1571 non
289 1509 456 1592 imaginem
480 1507 732 1586 commendare“,
749 1511 775 1589 9)
804 1512 838 1571 ni
860 1509 945 1572 idem
967 1507 1044 1571 alias
1066 1530 1162 1593 saepe

56 1636 75 1676 a
94 1613 268 1698 proposito
291 1608 500 1688 discessisset,
522 1632 582 1674 nec
603 1610 706 1675 solum
729 1634 863 1699 negare,
885 1611 943 1677 sed
966 1615 1058 1676 etiam
1079 1613 1162 1677 reiu-

55 1728 125 1780 tare
148 1723 310 1778 tentasset.
354 1714 426 1777 Nec
451 1714 544 1778 lacile
567 1737 647 1800 quae
669 1718 838 1803 seiungere
861 1738 896 1779 se
917 1715 1057 1781 voluisse
1080 1737 1162 1780 asse-

55 1823 104 1900 rit,
126 1822 161 1882 in
182 1819 268 1882 bunc
288 1818 399 1881 Nostri
422 1818 551 1883 modum
576 1818 714 1906 disiungi
737 1829 880 1904 possunt.

144 1923 295 2006 Denique
323 1921 398 1983 mibi
427 1920 468 1985 de
492 1921 649 1986 electione
670 1945 775 1987 rorum
797 1923 1022 1987 narrandarum
1045 1926 1161 2010 agenti,

54 2048 107 2092 res
137 2025 220 2090 duae
249 2023 353 2088 adhuc
378 2027 601 2091 memorandae
622 2025 783 2104 videntur,
813 2050 941 2112 quarum
963 2036 1013 2091 sat
1033 2028 1163 2092 manile-

55 2142 175 2197 starum
198 2127 295 2192 altera
319 2150 386 2192 non
411 2151 429 2193 e
450 2129 516 2194 fine
540 2129 665 2217 quidem
689 2132 808 2214 operis,
838 2131 895 2195 sed
919 2153 956 2194 ex
978 2152 1086 2194 amore
1108 2153 1163 2215 pa-

56 2238 154 2313 triae,
184 2231 282 2296 altera
309 2255 388 2296 vero
417 2233 493 2298 inde
522 2245 554 2298 et
576 2256 679 2298 rerum
703 2236 855 2319 temporis
878 2235 1031 2300 Orosiani
1053 2234 1163 2297 condi-

56 2344 148 2404 tione
171 2337 357 2422 explioanda
381 2347 437 2402 est.
488 2338 625 2401 Primum
656 2347 704 2402 est
725 2341 836 2425 igitur,
859 2338 946 2424 quod
968 2338 1086 2423 ubique
1108 2339 1163 2401 Hi-

55 2445 237 2530 spaniarum
259 2463 310 2505 res
333 2440 475 2505 studiose
497 2445 710 2538 persequitur,
734 2441 879 2507 dillusius
901 2451 1086 2528 pertractat,
1107 2445 1163 2506 mi-

55 2552 206 2632 nimeque
232 2549 266 2608 in
294 2548 332 2609 iis
362 2567 381 2608 a
412 2546 502 2608 factis
525 2545 738 2632 singularibus
762 2556 794 2610 et
815 2545 961 2610 laudibus
984 2549 1105 2631 patriae
1126 2567 1161 2610 se

56 2653 204 2717 abstinet.
257 2648 408 2736 Exempla
437 2659 613 2734 suppetunt
637 2648 807 2734 permulta,
835 2660 870 2712 ut
891 2653 924 2712 in
946 2648 1035 2713 bello
1059 2651 1163 2713 Viria-

57 2843 160 2918 quitur,
178 2830 312 2917 scriptore
329 2841 441 2907 invenit,
458 2838 522 2895 inde
539 2841 608 2916 petit
626 2861 685 2897 eum
703 2841 797 2912 (cuius
816 2841 921 2916 generis
940 2836 1061 2915 exempla
1079 2838 1107 2892 in
1120 2857 1161 2892 ca·

56 2929 115 3004 pite
134 2925 167 2981 de
185 2925 279 2982 lontib.
299 2925 391 2981 Orosii
409 2925 486 3002 plura
505 2925 677 2997 afferuntur).
720 2927 821 2984 Tamen
837 2922 893 2982 non
910 2925 1064 3001 ubicunque
1082 2923 1161 2979 sicuti

56 3013 201 3090 potuisset,
221 3011 289 3067 bane
308 3013 430 3087 sequitur
447 3015 585 3079 rationem,
604 3035 629 3069 v.
643 3035 664 3068 c.
677 3013 722 3080 lll,
735 3018 778 3070 22.
797 3013 850 3069 vid.
870 3012 920 3069 sub
938 3011 996 3067 Liv.
1016 3013 1044 3066 in
1062 3031 1085 3065 c.
1104 3029 1159 3086 seq.

55 3097 152 3175 Neque
172 3100 258 3154 omitti
273 3099 362 3167 debet,
381 3098 457 3154 locos
475 3099 644 3170 (rarissimos
658 3100 781 3175 quidem.)
800 3120 870 3166 esse,
889 3099 934 3155 ubi
947 3097 991 3153 vel
1003 3107 1095 3153 contra
1107 3116 1162 3151 mo·

56 3204 114 3243 rem
136 3205 213 3241 suum
231 3187 348 3241 minores
367 3205 505 3252 nurneros,
529 3184 596 3241 adeo
615 3188 732 3242 omnium
750 3187 872 3241 minimos
890 3181 993 3238 adferat
1011 3184 1062 3252 (an
1080 3181 1161 3256 negli-

55 3272 193 3347 gentiaY),
218 3291 256 3326 ex.
276 3292 313 3346 gr.
332 3270 379 3338 Vl,
397 3276 421 3327 3.
442 3293 468 3348 p.
478 3275 538 3326 377.

129 3356 163 3426 6)
187 3356 229 3412 Cf.
249 3377 289 3412 ex.
309 3377 346 3432 gr.
366 3357 412 3426 lV,
431 3360 456 3413 6.
474 3379 500 3434 p.
511 3360 563 3413 226
576 3378 617 3433 sq.
637 3358 727 3414 collat.
747 3379 768 3414 c.
787 3357 863 3413 fonte
881 3356 934 3412 hui.
954 3356 1032 3431 capit.
1053 3385 1086 3395 -
1105 3352 1138 3409 al.

129 3444 164 3512 7)
188 3441 285 3516 Qualia
304 3453 410 3500 exstant
429 3465 469 3499 ex.
489 3443 623 3511 c.lll,12.
642 3467 669 3522 p.
683 3448 741 3500 170.
760 3447 788 3499 in
807 3447 907 3499 omisso
925 3441 1103 3496 phocensium
1121 3459 1161 3494 sa·

57 3527 178 3604 eulogio,
196 3529 242 3585 ubi
261 3526 295 3586 cl.
311 3528 406 3585 lustin.
424 3528 525 3585 fontem
537 3529 608 3597 Vlll,
622 3535 650 3596 l;
668 3529 714 3600 IV,
730 3533 770 3585 10.
788 3549 814 3606 p.
825 3532 886 3586 242.
903 3529 932 3582 in
949 3523 1058 3582 Claudii
1076 3521 1160 3592 clade,

57 3614 105 3671 ubi
126 3635 163 3671 ue
183 3615 267 3671 verbo
290 3615 397 3690 quidem
419 3614 509 3672 laesae
525 3615 675 3690 religionis,
700 3625 813 3694 propter
830 3634 908 3690 quam
925 3611 1000 3667 illum
1018 3608 1106 3665 lusum
1123 3608 1161 3665 fu·

56 3711 200 3777 gatumque
223 3700 314 3757 dixere
337 3704 484 3779 scriptores
506 3705 615 3781 pagani,
637 3703 756 3756 meminit
777 3710 805 3756 et
826 3700 858 3756 al.
881 3734 910 3744 -
936 3697 1078 3752 Contraria
1095 3715 1160 3751 vero

56 3787 127 3844 bene
148 3786 323 3853 observabam
346 3788 379 3844 ef.
398 3809 439 3845 ex.
458 3808 496 3864 gr.
515 3789 549 3856 V,
567 3792 593 3844 4.
611 3808 637 3865 p.
647 3789 723 3853 294,
746 3807 815 3862 quae
835 3796 900 3864 post
916 3802 1035 3859 maguam
1052 3782 1091 3838 ibi
1108 3802 1161 3838 me·

57 3883 186 3929 moratam
204 3884 309 3950 pestem
326 3874 424 3930 adiicit.

128 3961 164 4029 8)
186 3960 226 4017 Ut
243 3959 345 4018 Numae
362 3980 471 4036 regnum
488 3961 628 4037 pacificum
648 3959 697 4026 (cf.
717 3979 785 4035 quae
804 3958 866 4014 dein
883 3957 916 4025 ll,
929 3958 952 4010 4.
971 3976 998 4032 p.
1009 3959 1051 4012 95.
1070 3958 1098 4011 in
1114 3956 1159 4012 lin.

57 4047 93 4103 de
110 4066 203 4122 regum
221 4047 362 4123 temporib.
381 4049 409 4103 in
427 4049 545 4103 univers.
563 4044 713 4115 admonet),
732 4043 841 4102 Camilli
858 4043 892 4099 do
909 4041 996 4099 Gallis
1013 4044 1160 4110 victoriam,

58 4143 86 4189 et
104 4142 170 4212 port
188 4132 434 4209 Caeciliietragem
452 4132 515 4204 (ΙΙΙ,
533 4135 575 4188 22.
594 4153 621 4211 p.
630 4131 709 4203 200.)
728 4139 863 4210 reparatas
880 4149 924 4187 res
942 4127 1085 4185 Romanor.
1104 4126 1137 4183 al.

128 4223 163 4290 9)
187 4219 273 4276 Praei.
284 4218 355 4276 'libri
373 4219 416 4277 lll.
436 4241 462 4297 p.
474 4221 526 4274 144
537 4237 578 4292 sq.
