2640 4764
674 221 740 289 180

223 396 329 455 Primus
353 399 471 455 omnium
489 396 643 476 Stephanus
662 395 801 455 Viuaudus
819 385 931 471 Pighius
953 397 982 452 in
1000 394 1119 452 Hercule
1141 395 1269 472 prodicio

153 505 178 562 p.
189 487 248 540 112.
268 505 362 541 vocem
380 483 556 553 „hormista“
575 483 643 540 laiso
658 504 708 562 pro
729 480 952 551 ‚‚orchestra“
965 485 1082 559 positam
1097 483 1269 558 significasse

151 569 268 627 videtur.
284 571 325 640 ¹¹)
368 571 455 645 Quam
478 573 632 649 opinionem
655 571 687 627 A.
706 568 804 625 Schott
827 569 855 623 in
877 567 919 626 ed.
941 588 989 624 sua
1014 568 1122 637 orosii,
1144 568 1268 645 lllognnt.

153 658 230 712 1615.
250 657 295 725 (et
312 657 340 710 iu
359 655 424 713 bibl.
443 655 519 733 Hisp.
538 678 564 734 p.
580 654 660 725 206.)
683 675 714 711 ac
732 652 848 711 Vossius
872 653 906 711 de
928 656 1002 710 vitiis
1026 675 1107 712 serm.
1125 676 1148 711 c.
1164 659 1209 711 30.
1228 677 1269 713 se·

152 750 265 797 ctautur.
301 741 409 798 Deinde
430 741 544 799 Vossius
562 740 642 813 (hist.
661 739 750 815 Pelag.
769 749 797 795 et
815 739 849 796 dc
866 739 930 796 hist.
947 738 1008 810 lat.)
1025 739 1093 796 haec
1111 741 1242 819 protulit:

225 827 257 898 1)
275 826 458 884 hormesta=
470 826 632 883 hormslta
650 830 710 884 sive
727 827 909 884 hormeuta.
947 828 1080 902 ὁρμουτὴς
1098 837 1190 884 autem
1214 830 1268 898 (te-

151 921 195 970 ste
211 912 366 990 Hesychia)
377 935 413 962 =
424 915 551 991 piscator.
570 943 607 954 -
632 913 710 987 Quae
734 916 890 970 coniectura
912 923 1053 990 tantopere
1076 912 1099 968 F
1101 916 1201 971 unccio
1220 913 1267 971 11.

150 998 287 1079 placuisse
303 999 420 1068 videtur,
438 1010 469 1055 ut
486 1000 539 1056 sihi
558 1020 615 1055 eam
633 998 760 1067 vindicet,
779 999 890 1055 adiectis
908 998 997 1055 hisce:
1020 999 1159 1055 hormesta
1174 1021 1210 1048 =
1223 1003 1267 1075 ὁρ-

150 1087 245 1160 μηιεὺς
268 1087 355 1159 (teste
377 1085 534 1162 Hesychio)
551 1104 587 1131 =
603 1086 730 1160 piscator.
764 1084 854 1156 [verb.
873 1105 996 1161 graecum
1019 1095 1109 1142 tamen
1131 1105 1199 1143 vere
1222 1089 1267 1160 ὁρ-

150 1173 280 1246 parastis]

221 1256 257 1325 2)
275 1256 410 1313 hormesta
433 1259 514 1334 posit.
534 1275 586 1333 pro
608 1254 802 1312 hormathus
826 1276 840 1311 a
864 1276 959 1333 graeco
979 1258 1153 1332 dppsddr=
1166 1267 1267 1326 catena,

151 1345 246 1400 series.
278 1345 403 1418 ὁρμαθὸς
420 1349 504 1402 κακῶν
516 1363 552 1389 =
563 1344 648 1397 series
666 1341 795 1398 malorum
818 1343 869 1414 (ab
887 1345 948 1419 ipso
967 1341 1068 1399 Vossio
1087 1345 1242 1413 reiectum.)

221 1429 256 1498 3)
278 1428 415 1486 hormisda
427 1428 500 1500 ‚(vel
523 1427 709 1485 huiuscemodi
732 1427 836 1497 simile)
863 1449 912 1506 per
935 1431 1069 1485 inscitiam
1093 1428 1267 1485 librariorum

150 1517 180 1573 iu
201 1518 291 1593 ipsum
312 1517 404 1595 operis
422 1515 530 1572 titulum
548 1524 745 1591 transgressum
763 1523 806 1569 est
823 1534 920 1570 nomen
938 1516 1110 1593 possessoris
1128 1515 1267 1572 cuiusdam

151 1602 264 1660 codicis.
907 1654 911 1658 .

223 1689 257 1759 4)
280 1686 417 1744 hermesta
441 1696 596 1764 corruptum
615 1708 648 1743 ex
666 1686 826 1757 „homiuum
844 1687 975 1742 miseria“
998 1685 1113 1764 („quod
1131 1688 1265 1766 imprimis

170 1772 290 1843 lacet“).

151 1796 169 1853 p
222 1860 254 1916 B.
272 1859 482 1927 Bonilacius,
506 1858 540 1915 de
562 1857 613 1915 XL
637 1859 713 1916 Rom.
737 1859 801 1915 hist.
826 1859 930 1936 scriptt.
948 1857 1079 1934 legendis.
1111 1869 1266 1938 excerpts

150 1944 268 2013 Boline,
280 1945 390 2013 vossio,
409 1945 469 2002 aliis
488 1945 607 2023 (prodiit
625 1967 677 2003 nna
696 1967 718 2004 c.
731 1946 835 2022 Sigonii
853 1944 953 2002 iudicio
973 1955 1022 2002 etc.
1049 1944 1177 2004 Venatiis
1191 1950 1264 2003 1627.

151 2030 192 2101 4.)
211 2053 234 2088 c.
247 2035 289 2088 31.
308 2053 335 2110 p.
347 2036 389 2089 79.
408 2034 529 2088 coniicit:

188 2137 227 2174 or.
240 2127 324 2175 mesta
337 2140 373 2167 =
385 2120 459 2175 orbis
472 2121 614 2175 moestitia.
633 2120 691 2174 sive
711 2138 748 2174 or.
762 2139 795 2174 m.
809 2119 860 2174 ista
872 2138 908 2165 =
920 2115 1014 2174 Orosii
1027 2117 1120 2174 muudi
1131 2117 1254 2174 historia.

221 2205 381 2262 Boethius
410 2207 507 2281 (quern
534 2226 628 2284 parare
652 2204 718 2261 mihi
741 2223 796 2260 non
819 2203 914 2283 potui)
942 2202 1048 2261 advers.
1070 2204 1207 2274 XXXVI,
1225 2208 1263 2260 17.

151 2312 178 2369 p.
190 2293 282 2346 1661.:
301 2291 430 2347 hormista
448 2313 484 2339 =
502 2294 589 2347 omnis
607 2290 728 2347 historia.

221 2376 402 2433 Reinesius
425 2381 521 2434 variar.
539 2377 612 2432 lectt.
632 2377 692 2434 libr.
712 2375 756 2431 lli.
775 2396 815 2453 pr.
837 2375 996 2453 Alteuburg.
1016 2380 1094 2434 1640.
1113 2380 1140 2434 4.
1171 2398 1197 2455 p.
1212 2379 1264 2434 385

151 2482 212 2540 sqq.
232 2464 382 2538 antiquiora
400 2473 503 2519 tautum
522 2463 644 2539 collegit,
663 2465 727 2520 novi
745 2462 784 2520 nil
803 2464 921 2540 praehet.

224 2548 420 2606 Cotclerins
450 2559 612 2606 monument.
640 2550 735 2607 eccles.
761 2549 855 2606 Graec.
888 2547 1013 2606 Tomll.
1035 2569 1062 2625 p.
1077 2551 1140 2607 621.
1164 2548 1264 2622 (Paris.

152 2636 244 2705 1681.)
267 2635 402 2690 hormesta
421 2634 526 2692 derivat
545 2636 577 2691 ab
598 2637 678 2712 ὁρμή,
697 2646 800 2704 motus,
820 2639 949 2713 impetus,
969 2635 1085 2710 agitatio.

223 2721 385 2789 Schilter‚
409 2721 492 2777 Jacob
515 2743 541 2778 v.
566 2721 732 2798 Konigshov.
756 2722 849 2779 elsass.
875 2743 899 2778 u.
923 2721 1081 2796 straisburg.
1101 2720 1264 2778 Chroniclre.

152 2806 267 2864 Stralsb.
287 2811 365 2864 1698.
386 2810 412 2863 4.
436 2829 505 2863 anm.
518 2812 542 2862 2.
563 2810 611 2878 §.2
624 2811 701 2887 irupr.
720 2813 818 2888 pano.
857 2809 992 2864 hermesta
1010 2807 1141 2864 Afrorum
1163 2829 1265 2885 graeco·

152 2894 292 2950 barbaram
311 2903 404 2949 censet
422 2913 514 2949 vocem
532 2894 565 2948 ab
584 2896 675 2970 ὅραμα
693 2897 812 2967 (visio)!

223 2980 244 3037 l.
265 2979 296 3035 G.
316 2978 487 3035 Eccardus
507 2980 551 3046 (in
570 2979 635 3036 bibl.
648 2982 737 3037 Brem.
759 2985 836 3038 1718.
855 2979 931 3037 Tom.
945 2978 964 3035 l.
983 2979 1096 3058 psat.)
1115 2982 1234 3039 ormisda
1251 3005 1265 3038 a

153 3065 270 3122 Gothico
283 3085 381 3133 armen,
400 3066 522 3120 misereri
535 3063 669 3135 derivans,
689 3070 767 3145 pouit
783 3069 905 3122 armwist
917 3068 974 3122 sive
986 3069 1081 3122 ormist
1093 3088 1129 3115 =
1142 3071 1255 3125 miseria.

222 3152 242 3209 l.
262 3153 442 3208 Diecmann
467 3153 511 3220 (in
529 3150 593 3207 bibl.
614 3153 694 3210 modo
714 3153 730 3212 1.
750 3154 827 3210 Τοιιι.
839 3154 860 3209 l.
878 3175 905 3231 p.
919 3154 994 3223 465.)
1017 3152 1150 3211 hormista
1162 3177 1198 3203 =
1210 3156 1266 3211 har·

151 3248 250 3305 mosta‚
270 3259 284 3292 a
303 3258 398 3312 graeco
418 3239 556 3311 ἁρμόζειν,
572 3248 664 3314 aptare
682 3243 788 3318 repetit.

222 3323 340 3379 Frisch
360 3323 503 3400 (explicat.
522 3322 594 3380 tituli
611 3324 753 3382 Hermesta
773 3328 819 3404 qni
838 3325 920 3383 0-i
937 3325 1008 3383 libro
1026 3327 1177 3405 inscriptus
1196 3332 1266 3387 inve·

151 3413 237 3466 nitur:
256 3407 403 3466 liliscellan.
422 3409 591 3466 Boroliuens.
611 3411 687 3467 Tom.
698 3411 741 3469 lll.
760 3434 786 3490 p.
797 3415 872 3482 310.)
890 3413 916 3468 h.
929 3434 965 3460 =
977 3413 1072 3469 Orosii
1089 3425 1203 3472 moesta.

223 3495 395 3571 Gundling
420 3494 600 3564 (Godanclren
623 3500 691 3554 tiber
709 3497 757 3554 des
777 3498 871 3554 Orosii
888 3498 1043 3556 Hormesta:
1067 3499 1266 3579 Guudlingiana

150 3581 238 3651 XXV,
258 3581 435 3651 439-448.)
455 3585 576 3641 coniicit:
604 3583 760 3654 Orestes,
781 3588 857 3661 quasi
875 3585 953 3662 longa
972 3586 1121 3661 tragoedia!

222 3668 391 3724 Heumann
410 3671 469 3737 (via
489 3669 522 3724 ad
541 3669 603 3726 hist.
621 3669 661 3726 lit.
680 3692 702 3727 c.
712 3673 737 3730 d.
756 3672 831 3742 §.17.
851 3692 940 3749 progr.
960 3671 1080 3748 Gotting.
1095 3676 1176 3730 1732.
1194 3677 1220 3730 4.
1239 3676 1266 3729 in

152 3753 258 3828 sylloge
281 3775 341 3810 nov.
360 3775 449 3832 progr.
469 3762 494 3811 2.
514 3777 540 3833 p.
550 3759 609 3811 aas.
635 3766 661 3812 et
681 3768 731 3813 act.
752 3757 879 3814 eruditor.
904 3757 980 3814 Tom.
992 3759 1026 3814 X.
1040 3758 1131 3836 suppl.
1150 3781 1177 3837 p.
1187 3761 1265 3828 263.)

151 3843 262 3896 tertium
281 3841 366 3908 (adeo
386 3843 525 3918 quartum)
552 3843 671 3899 vindicat
688 3843 790 3899 Nostro
812 3865 922 3900 nomen:
945 3842 1043 3902 Paulus
1063 3846 1182 3903 Orosius
1201 3846 1267 3902 Hor·

155 3950 356 3959 ο*-

151 3999 208 4053 cius
226 3997 267 4139 {a
281 4017 344 4153 lreg5
363 3998 408 4057 lat.
428 4000 491 4079 ling.
511 4012 613 4059 senect.
630 4003 677 4076 (et
694 4002 802 4078 Freitag
819 4002 936 4081 adparat
954 4002 1036 4060 litter.
1054 4004 1080 4074 Ι,
1098 4026 1126 4084 p.
1136 4010 1191 4063 277
1204 4026 1266 4082 sqq.

152 4103 207 4140 sec.
252 4106 280 4140 ar
293 4105 352 4142 es..

222 4173 274 4242 ll)
292 4172 359 4241 „De
383 4173 523 4230 orchestra
543 4175 661 4233 mundi“
684 4176 869 4254 Havercampii
892 4177 951 4236 cod.
969 4177 1142 4254 Lugdunens.
1161 4182 1267 4259 primus

152 4255 236 4315 chart.
255 4277 278 4315 a.
299 4259 368 4316 1463
386 4259 552 4320 inscribitur.
