2640 4764
631 203 691 269 101

175 375 242 433 ibid.
259 379 350 453 prot
368 378 479 433 iteratur
496 378 539 449 (v.
559 397 640 455 supra
659 377 693 433 ad
711 399 738 456 p.
748 379 824 447 204.)
842 393 895 436 sec.
914 379 979 436 lust.
998 378 1058 448 XV,
1076 384 1105 448 l;
1124 385 1148 438 l,
1168 380 1216 438 Po

100 462 311 542 lyspercbontis
327 483 414 532 mors,
433 485 519 541 neque
537 484 601 521 vero
621 464 665 521 bic
683 474 757 520 recto
776 465 846 522 loco.
881 486 908 523 v.
927 465 1017 522 Dtibn.

177 556 242 614 ibid.
267 554 301 611 de
323 575 411 634 pugna
433 557 467 613 ad
486 557 584 614 Gazam
602 558 815 633 „Antigonus
834 561 862 614 in
881 580 913 615 eo
932 559 1004 616 bello
1023 581 1046 616 c.
1065 560 1102 616 fil.
1121 561 1216 619 Deme·

101 645 160 700 trio
179 643 329 704 ‚vincitur“.
352 651 383 698 ut
406 653 524 713 constat,
548 664 602 700 non
624 645 678 699 uisi
699 645 854 701 Demetrius
878 645 963 702 solus.
986 666 1073 722 neque
1091 667 1131 725 ap.
1150 647 1215 704 Iust.

102 728 167 798 XV,
187 730 216 796 13
234 730 260 783 6.
279 757 316 770 -·

174 821 240 878 ibid.
258 844 286 901 p.
295 824 357 880 208.
376 843 460 894 „cum
483 823 516 878 dc
539 823 638 901 praeda
661 843 716 879 non
741 826 920 881 conveniret“
943 826 1026 903 (post
1046 845 1161 903 pugnam
1182 826 1215 882 ad

102 908 215 986 Ipsum)
237 908 390 965 foederatos
413 911 441 964 in
465 909 531 965 duas
554 911 651 966 iterum
674 909 804 967 factiones
824 911 960 987 digressos
980 932 1053 980 esse,
1077 932 1130 967 see.
1149 912 1213 972 Iust.

100 993 166 1062 XV,
177 998 210 1062 ⁴¹3
227 998 270 1054 23.
289 996 396 1051 minime
414 1003 545 1052 accurate.
580 994 632 1064 (ci.
651 995 762 1065 Dtibn.)
780 985 892 1054 minoris
911 1008 998 1054 tamen
1015 1000 1154 1054 momenti.

175 1094 222 1165 IV,
235 1098 260 1153 6.
278 1119 305 1174 p.
315 1100 376 1153 226.
396 1096 464 1153 laiso
483 1107 599 1153 contra
617 1096 682 1154 lust.
700 1098 799 1170 XVIII,
814 1103 844 1167 73
865 1104 888 1156 l.
908 1120 991 1168 „cum
1009 1101 1038 1155 in
1056 1100 1150 1156 Sicilia
1168 1099 1215 1157 diu

101 1179 296 1239 infeliciter
315 1182 519 1251 dimicassent“,
542 1184 587 1240 nbi
609 1182 770 1250 „feliciter“
789 1185 961 1243 scribendum
981 1195 1044 1242 erat.
1086 1185 1214 1243 Orosium

101 1288 169 1324 vero
192 1267 288 1326 Ialsum
311 1279 385 1326 recto
409 1268 582 1347 praetulisse,
606 1273 695 1326 statim
718 1274 857 1348 sequentia
882 1272 1023 1341 „iterum
1040 1271 1213 1328 infelicius

102 1355 171 1409 victi
189 1356 275 1410 sunt“
294 1358 361 1412 satis
380 1354 577 1424 demonstrant,
600 1376 635 1412 nc
658 1356 744 1414 dicam
762 1358 930 1436 aptissimum
948 1356 992 1413 hio
1010 1355 1111 1414 Nostro
1130 1357 1212 1414 fuisse

101 1438 174 1496 illud
192 1440 437 1508 „inleliciter“.

127 1559 129 1563 ⁴
175 1534 241 1592 ibid.
261 1556 287 1612 p.
297 1539 358 1606 222.
377 1538 406 1592 in
424 1536 478 1593 reb.
498 1538 549 1594 sub
568 1537 695 1594 Imilcone
713 1540 741 1593 in
760 1536 852 1593 Sicilia
870 1538 954 1612 gestis
969 1536 1086 1593 Orosius
1105 1557 1127 1594 o.
1146 1538 1211 1594 lust.

101 1621 178 1763 XIIXB,
191 1625 222 1763 2¹3
241 1625 331 1698 Isqq.
351 1643 440 1679 errare
457 1623 573 1691 videtur,
593 1624 646 1680 duo
665 1622 736 1679 bella
754 1623 862 1680 diversa
880 1621 1055 1679 confundens.
1082 1642 1108 1679 v.
1121 1622 1211 1679 Dtibn.
1259 1624 1266 1631 “

101 1728 115 1764 a
177 1751 182 1762 .
213 1752 219 1765 .

174 1800 239 1859 ibid.
258 1823 285 1880 p.
294 1805 355 1858 227.
375 1823 440 1859 vero
459 1804 587 1861 lustinum
607 1803 735 1860 descrens
754 1803 879 1871 Orosius,
898 1823 948 1858 suo
968 1824 1001 1859 ex
1018 1805 1125 1878 ingenio
1143 1801 1212 1860 Imil-

103 1909 199 1946 conem
222 1887 333 1963 „gladio
352 1887 473 1946 dolorem
491 1892 649 1966 vitamque“
672 1890 777 1946 finiisse
795 1888 939 1945 salsissime
956 1888 1052 1958 tradit,
1076 1910 1156 1965 qumn
1174 1891 1212 1944 in·

102 1974 164 2031 edia
183 1974 282 2030 Iactum
299 1974 352 2031 boc
370 1996 431 2032 esse
450 1986 562 2032 constet.

193 2117 286 2181 Alios
315 2117 407 2182 locos
431 2118 562 2197 dubios,
592 2120 648 2183 ubi
669 2141 728 2205 pro
752 2120 874 2184 Iustino
898 2122 951 2198 (et
973 2119 1117 2198 Oresio)
1141 2141 1212 2183 cau·

103 2245 159 2286 sae
181 2222 318 2308 proferri
341 2234 485 2309 possunt,
508 2247 546 2288 ac
568 2234 681 2288 contra
704 2245 769 2301 eos,
793 2237 925 2287 enotare
947 2226 998 2286 vix
1021 2225 1136 2287 iustum
1154 2247 1211 2309 pu-

103 2330 184 2405 tavi,
214 2329 333 2412 quippe
362 2331 415 2412 qui
445 2328 517 2413 plus
546 2328 699 2392 lustinum
728 2351 821 2412 quam
846 2329 998 2391 Nostrum
1027 2330 1210 2413 respiciant;

103 2454 165 2495 nec
186 2433 287 2518 magis
311 2452 367 2494 eos
391 2434 566 2519 exsignavi‚
593 2435 625 2495 in
649 2430 765 2516 quibus
789 2431 926 2496 Orosius
948 2431 1100 2495 lustinum
1123 2453 1211 2496 secu-

104 2546 157 2599 tus
178 2533 232 2598 vel
255 2533 445 2613 describens,
468 2535 551 2598 fac-ta
574 2535 651 2598 alias
674 2538 726 2597 vix
747 2535 940 2599 invenienda
959 2534 1077 2620 prodit,
1100 2545 1210 2600 contra

103 2661 239 2724 quorum
268 2637 571 2703 verisimilitudinem
602 2659 727 2702 causam
753 2640 866 2701 iustam
896 2637 1037 2701 obiicere
1059 2659 1209 2723 nequeas.

105 2776 147 2788 -
171 2741 265 2806 Plura
288 2764 393 2828 neque
413 2724 546 2828 illepida
569 2725 709 2805 isauriae
733 2734 876 2827 exempla
897 2745 931 2804 in
953 2741 1074 2818 vcrbIS,
1100 2752 1131 2805 et
1154 2740 1209 2804 ubi

103 2849 259 2911 lustinum
289 2850 343 2928 (et
371 2845 473 2926 alios)
502 2848 645 2930 sequitur
673 2845 807 2923 Noster,
838 2854 961 2909 exstant
989 2865 1038 2929 ap.
1065 2842 1208 2908 Grubitz.

103 2951 124 3017 l.
142 2949 161 3015 l.
185 2976 215 3038 p.
231 2953 284 3016 26.
307 2989 350 2999 —

197 3156 220 3224 a.
239 3158 265 3211 o.
306 3151 576 3210 scelerosos
602 3151 770 3209 enarer.
808 3120 1138 3222 (nenorosus.)

192 3280 229 3340 ln
252 3276 453 3364 paragrapho
470 3277 570 3361 priori
592 3277 653 3339 iam
676 3276 782 3339 obiter
797 3273 1056 3339 Herodoteorum
1072 3271 1209 3336 nonnul-

103 3383 221 3459 lorum,
251 3383 349 3444 textui
372 3364 549 3458 Orosiano‚
578 3379 631 3443 vel
659 3383 765 3466 potius
794 3378 874 3443 locis
905 3400 922 3442 e
948 3379 1071 3442 Iustino
1100 3386 1209 3462 aperte

104 3488 237 3571 sumptis
259 3488 449 3549 insertorum
472 3487 608 3561 memini,
627 3484 819 3549 addubitans
839 3491 1012 3567 praeterea,
1034 3503 1109 3544 num
1125 3480 1209 3545 Oro-

103 3594 170 3655 sius
193 3589 400 3674 scriptoribus
424 3587 550 3673 quidem
566 3588 698 3652 Graecis
720 3592 754 3652 in
778 3583 954 3650 condendis
977 3586 1116 3648 hIstoriis
1134 3604 1208 3648 usus

104 3697 165 3759 sit?
202 3695 298 3758 Nunc
325 3714 403 3758 vero
427 3713 508 3777 quae
530 3692 593 3756 huo
615 3702 760 3777 spectent
783 3693 888 3754 omnia
911 3686 1094 3775 colligenda
1115 3687 1208 3752 nobis

104 3798 263 3862 videntur.

193 3903 231 3965 ln
254 3905 326 3980 vita,
356 3923 448 3986 quam
470 3902 695 3986 praemisimus,
719 3897 843 3962 Graece
866 3893 1020 3979 loquendi
1042 3906 1208 3980 expertem,

107 4029 144 4072 ex
167 4009 232 4071 suis
255 4007 354 4090 ipsius
378 4006 581 4082 testimoniis,
605 4001 888 4099 demonstravimus
912 3999 1073 4064 Orosium.
1124 4001 1210 4061 Atta-

105 4132 180 4175 men
203 4109 273 4173 fieri
297 4129 407 4193 posse,
436 4119 471 4179 ut
493 4109 647 4173 sermonis
670 4101 795 4196 quidem
819 4124 944 4188 expers,
974 4102 1101 4190 linguae
1124 4112 1209 4166 certe

108 4225 140 4279 et
162 4212 322 4278 literarum
347 4220 477 4277 eatenus
500 4221 617 4299 potens
640 4213 688 4288 sit,
711 4202 800 4295 u'tin
816 4205 1003 4271 evolvendis
1021 4216 1052 4270 et
1068 4226 1210 4290 perscru-
