2640 4764
703 199 766 264 110

251 373 379 430 Fortasse
401 374 480 428 etiam
503 374 629 429 extremis
648 395 686 432 cc.
705 373 781 445 (Lir.
797 372 867 442 VIII,
884 377 928 430 24.
947 384 975 431 et
992 374 1088 432 Orosii
1105 374 1176 448 hoc)
1201 379 1229 433 in
1244 398 1279 434 co

180 462 314 536 guntionis
332 459 488 516 familiarum
507 481 549 538 ap.
565 469 706 537 utrumque
724 463 973 518 commemoratione
990 483 1090 520 nexum
1103 464 1237 540 quendam
1248 465 1279 522 di·

181 548 272 604 viuere
289 546 369 602 uobis
387 546 458 603 licet.

250 632 296 701 Ill,
313 638 352 689 15.
370 653 396 709 p.
409 635 565 689 178-180.
588 633 718 689 Furculae
737 632 874 690 Caudinae
894 634 1031 705 (immixta
1048 637 1142 712 priore
1161 636 1237 694 Fabii
1251 637 1279 694 de

181 720 320 775 Samnitib.
339 721 450 776 victoria
473 740 527 776 sec.
545 719 604 776 Liv.
618 719 689 788 VIII,
702 719 759 789 30.)
777 740 830 778 sec.
846 719 1066 789 Liv.1x‚1-o.
1086 755 1121 765 —
1140 733 1222 802 rupto
1234 723 1278 780 loe

180 806 245 862 dere
266 805 399 885 Papyrins
425 807 558 862 Samnites
581 807 672 861 vincit.
697 825 749 861 sec.
768 805 827 863 Lir.
846 807 898 876 IX,
918 811 1035 862 12-15.
1053 836 1092 848 -
1115 809 1248 867 Satricum
1266 832 1278 865 a

180 893 276 970 Papyr.
298 903 368 971 capt.
391 913 445 949 sec.
468 891 526 949 Liv.
548 893 675 960 tx,16.;
700 895 776 949 cuius
801 893 836 949 de
858 891 956 972 Papyr.
978 893 1108 951 iudicium
1129 896 1278 975 paraphrasi

180 979 280 1036 Noster
299 978 364 1050 (ult.
384 978 425 1048 c.)
445 977 571 1034 reddidit.

250 1065 382 1142 Concept.
401 1064 481 1120 Oros.
500 1065 647 1134 interdum,
666 1068 800 1143 nimiaque
817 1066 935 1122 brevitas
952 1087 1007 1122 uon
1025 1067 1127 1143 ubique
1146 1071 1277 1126 accuratis·

179 1155 271 1209 simam
294 1151 359 1208 lecit
380 1153 572 1219 narrationem,
587 1151 657 1208 wide
680 1173 721 1209 ex.
740 1173 777 1228 gr.
797 1152 931 1228 quomodo
949 1155 1118 1209 notissimam
1137 1154 1174 1212 de
1190 1154 1278 1212 Hereu-

180 1242 224 1296 uio
243 1239 384 1296 historiam
405 1239 534 1314 exprimat
552 1235 660 1294 Noster.

249 1325 295 1394 lll,
308 1330 351 1381 21.
370 1347 396 1402 p.
407 1327 563 1381 196-197.
587 1323 694 1380 Bellum
716 1333 808 1380 contra
825 1323 969 1392 Etruscos,
988 1323 1122 1395 Umbros,
1143 1326 1276 1392 Samnites,

179 1411 287 1478 Gallos,
310 1411 418 1468 loedere
436 1413 557 1478 iunctos,
579 1431 647 1467 coss.
667 1409 732 1466 Fab.
750 1409 817 1466 lllax.
839 1408 863 1466 V
882 1419 909 1466 et
926 1411 992 1468 Dec.
1011 1411 1088 1468 Illure
1105 1411 1153 1469 IV.
1172 1442 1208 1455 -
1225 1414 1277 1470 snlr

178 1518 295 1574 sequeus
313 1497 476 1575 pestilentia.
500 1517 553 1552 sec.
572 1496 632 1552 Liv.
650 1496 689 1564 X,
707 1498 785 1573 impr.
797 1501 839 1554 21.
852 1496 915 1566 (24)
926 1499 1048 1556 27-30.
1070 1509 1100 1555 ct
1116 1499 1228 1558 brevem
1244 1522 1277 1557 ca-

179 1587 243 1662 pitis
261 1588 294 1640 31
315 1587 436 1640 notitiam
455 1603 563 1651 „annus
581 1612 617 1623 -
634 1582 786 1660 pestilentia
804 1585 922 1659 gravis‘⁵.

248 1693 275 1748 p.
289 1674 346 1728 197.
368 1670 462 1727 Livius
486 1673 600 1746 primum
620 1668 681 1724 lons
700 1668 824 1726 laudatur
841 1669 873 1726 ab
892 1669 1001 1726 Oresio.
1045 1670 1109 1745 Quo
1128 1672 1276 1740 mirabilius,

178 1777 257 1832 quem
280 1759 307 1812 iu
330 1756 437 1813 modum
460 1775 491 1810 eo
515 1756 615 1812 abusus
638 1759 675 1812 sit
692 1755 800 1811 Noster.
841 1755 936 1812 Livius
959 1759 1029 1813 euim
1052 1760 1168 1836 scripsit
1184 1760 1223 1828 X,
1240 1762 1276 1818 tt.
1317 1822 1319 1843 ἰ

179 1844 288 1908 „Caesa
308 1862 340 1900 eo
358 1843 403 1899 die
420 1842 539 1898 hostium
556 1841 635 1898 XXV
652 1842 749 1910 millia,
769 1851 830 1898 octo
850 1852 933 1919 capta.
969 1842 1027 1900 Nec
1044 1846 1187 1901 incruenta
1204 1848 1276 1901 victo

178 1932 217 1986 ria
236 1929 301 1986 luit:
322 1950 381 1985 nam
399 1949 433 1985 ex
450 1927 479 1984 P.
498 1929 577 1985 Decii
597 1931 715 1986 exercitu
733 1948 809 1984 caesa
828 1939 932 2005 septem
950 1929 1048 1998 millia3
1067 1951 1101 1986 ex
1118 1930 1198 1987 Fabii
1214 1929 1276 1987 mille

177 2019 372 2093 septingenti.“
395 2035 463 2091 quae
480 2014 582 2071 Noster
598 2036 626 2092 p.
637 2018 695 2071 196.
714 2016 743 2070 iu
764 2014 836 2071 hunc
858 2015 977 2071 reddidit
993 2016 1103 2072 modum
1128 2016 1193 2084 „Eo
1212 2036 1276 2095 prae
1317 2054 1319 2059 -

179 2101 214 2156 lio
232 2100 286 2156 XL
306 2101 363 2172 (L)
381 2101 465 2157 millia
484 2100 642 2156 Samnitium
664 2104 722 2157 sive
745 2099 883 2158 Gallorum
905 2123 995 2170 caesa,
1019 2103 1202 2159 Romanorum
1220 2121 1276 2159 vero

179 2187 226 2243 Vll
249 2187 332 2243 millia
356 2208 389 2244 ex
406 2189 485 2243 Decii
509 2187 734 2243 tautummodo
760 2198 849 2265 parte,
873 2190 920 2263 qui
943 2190 1048 2244 occisus
1072 2198 1130 2257 est,
1154 2191 1276 2246 exstincta

178 2273 330 2329 lernutnr“.

246 2358 304 2414 Liv.
317 2359 351 2427 X,
364 2363 406 2416 30.
431 2359 542 2435 „lllagua
561 2361 618 2415 eius
638 2359 700 2429 diei,
721 2381 773 2437 qno
792 2363 820 2416 iu
834 2359 966 2416 Sentinati
984 2380 1047 2436 agro
1059 2360 1200 2431 bellatum,
1218 2362 1275 2418 lama

124 2437 127 2442 ¹
177 2455 232 2512 est,
256 2448 334 2501 etiam
352 2467 418 2502 vero
437 2448 526 2503 stanti.
568 2445 623 2502 Sed
643 2449 859 2524 superiecere
878 2446 984 2522 quidam
1002 2447 1152 2522 augendo
1170 2449 1275 2515 iidem

177 2534 223 2608 qui
246 2533 273 2588 iu
297 2533 415 2589 hostium
438 2535 558 2589 exercitu
581 2532 635 2589 XL
649 2532 764 2591 ‘millia
788 2542 958 2589 trecentos
986 2535 1142 2608 triginta,
1166 2537 1276 2612 equitum

176 2640 224 2675 sex
241 2619 332 2688 millia,
353 2619 427 2675 mille
445 2629 632 2696 carpentorum
651 2622 786 2695 scripsere
803 2619 899 2676 luisse:
919 2640 961 2676 se.
981 2640 1049 2675 cum
1067 2619 1205 2678 Umbris
1224 2621 1276 2678 Tu·

175 2708 323 2781 seisque,
350 2727 417 2783 quos
442 2718 469 2762 et
491 2709 567 2783 ipsos
589 2726 692 2785 pugnae
715 2705 855 2763 affuisse.“
878 2705 956 2763 Nost.
976 2726 1003 2782 p.
1015 2708 1073 2776 193.
1097 2706 1220 2775 „Fuisse
1242 2728 1276 2763 au·
1317 2736 1319 2751 ι

175 2801 227 2847 tem
252 2793 376 2868 absque
394 2794 549 2848 Etruscis
568 2804 600 2848 ct
619 2792 765 2860 Umbris,
789 2813 859 2868 qnos
884 2803 944 2849 astu
961 2793 1074 2849 Romani
1096 2792 1170 2850 bello
1193 2815 1276 2852 avoca·

174 2889 282 2947 verunt,
306 2878 407 2934 Gallor.
427 2887 454 2932 et
473 2878 630 2934 Samnitium
652 2878 772 2956 peditum
791 2889 920 2935 eentum
939 2879 1113 2955 quadraginta
1131 2880 1215 2939 millia
1232 2891 1276 2937 tre·

175 2967 246 3022 centi
263 2974 291 3020 et
306 2966 423 3039 triginta,
442 2966 561 3038 equitum
573 2985 638 3020 vero
657 2965 874 3040 quadraginta
894 2975 1037 3042 quatuor
1054 2965 1148 3035 millia,
1166 2967 1275 3026 Livius

174 3049 291 3106 refert:
323 3059 349 3105 et
376 3052 557 3126 carpentarios
580 3050 654 3106 mille
677 3053 808 3107 inarmis
832 3062 924 3108 contra
948 3055 1031 3108 aciem
1053 3056 1166 3110 stetisse
1189 3054 1275 3111 Roma
1317 3100 1319 3107 .

174 3139 290 3192 uam.“t!
329 3135 449 3204 [Fabric.
464 3137 571 3212 quidem
589 3136 623 3192 ad
637 3136 663 3192 h.
676 3137 757 3194 Oros.
772 3139 788 3194 l.
804 3139 912 3195 eosdem
924 3140 971 3211 (i)
990 3138 1046 3194 fere
1062 3159 1191 3199 numeros
1205 3138 1287 3199 etiam

173 3225 200 3278 iu
219 3222 297 3279 Livio
315 3221 414 3297 legisse
433 3243 463 3278 se
481 3225 616 3292 testatur]

244 3308 295 3375 lIl,
312 3313 355 3364 22.
377 3311 634 3384 p.197-2oo.-
656 3331 682 3387 p.
696 3313 766 3366 197.:
791 3310 904 3367 Romani
927 3333 941 3367 a
966 3312 1105 3368 Samnitib.
1127 3315 1202 3370 victi.
1230 3333 1274 3370 see

172 3394 231 3452 Liv.
250 3393 285 3462 X,
303 3398 338 3450 35
352 3404 378 3448 et
389 3397 431 3449 36.
450 3395 607 3466 (siveSss)
626 3427 659 3437 —
678 3416 704 3472 p.
716 3399 787 3467 lilim
807 3397 908 3475 Papirii
926 3396 1038 3454 Cursor.
1058 3398 1092 3454 dc
1111 3398 1225 3456 Samnit.
1243 3401 1274 3456 ri·
1316 3458 1319 3463 ,

173 3484 265 3539 storia.
285 3501 338 3536 see.
358 3479 415 3537 Liv.
435 3481 470 3549 X,
488 3484 610 3537 :ts-ta.
642 3481 780 3539 Brevitate
797 3504 852 3540 uon
871 3485 970 3560 ubique
987 3488 1203 3556 accuratissima,
1225 3487 1274 3544 ubi·

173 3589 277 3645 cuuque
295 3577 383 3623 autem
402 3566 560 3635 excusando,
580 3590 667 3625 rerum
686 3573 864 3626 narrationem
882 3573 979 3648 partim
997 3582 1095 3649 suopte
1108 3575 1217 3650 ingenio
1230 3571 1275 3630 No·

172 3665 228 3716 ster
251 3654 373 3710 confecit.
420 3654 581 3710 Adnotanda
603 3677 736 3713 numeror.
760 3657 908 3712 differentia
932 3660 1035 3735 p.198.
1060 3659 1154 3726 „Nam
1177 3664 1206 3717 iu
1229 3659 1273 3717 toa

171 3739 274 3818 praelio
296 3740 346 3796 XII
366 3740 455 3812 (XX)
473 3741 555 3797 millia
573 3742 690 3800 hostium
710 3765 799 3810 caesa,
822 3742 857 3799 Ill
870 3742 942 3814 (IV)
964 3743 1047 3800 millia
1066 3757 1145 3824 rapta
1163 3746 1273 3803 releren-

172 3828 246 3895 tnr‘⁶‚
265 3847 346 3902 quum
357 3826 416 3884 Liv.
426 3827 460 3895 X,
470 3830 512 3883 42.
532 3828 628 3885 habeat
640 3830 745 3899 „Caesa
758 3829 806 3886 illo
820 3830 863 3886 die
876 3862 909 3871 —
922 3830 1004 3886 millia
1017 3833 1126 3907 triginta
1140 3830 1272 3890 CCCXI‘a:

171 3923 248 3991 capta
272 3915 322 3969 tria
344 3913 426 3969 millia
445 3913 657 3972 DCCCLXX.“
678 3950 709 3960 -
733 3937 759 3993 p.
773 3919 842 3972 198.:
866 3916 1020 3994 pestilentia
1041 3922 1202 3994 gravissIma
1218 3938 1272 3998 pro·

170 4008 285 4141 ptepque
295 4020 360 4140 paim
378 4000 555 4078 Aesculapius
574 4003 606 4058 ab
625 4003 763 4081 Epidauro
781 4007 935 4074 arcessitus,
956 4027 973 4060 e
990 4004 1048 4062 Liv.
1067 4006 1103 4075 X,
1117 4011 1153 4064 47
1167 4016 1232 4063 extr.
1249 4023 1271 4080 p·

171 4096 198 4141 et
241 4089 275 4141 lv.
294 4120 305 4140 a
335 4130 340 4142 .

241 4171 300 4239 (De
322 4170 410 4248 lapide
433 4174 511 4244 (ara)
529 4174 684 4251 Aesculapii
702 4176 814 4232 Romam
835 4176 989 4255 adportato,
1013 4177 1077 4236 alibi
1100 4188 1183 4256 atque
1205 4171 1267 4255 apud

169 4255 298 4315 Nostrum
316 4259 364 4316 vis
382 4259 448 4334 qnid
464 4259 564 4336 legisse
582 4262 717 4333 memini.)
