2640 4764
641 202 684 267 92

200 379 242 442 At
269 376 362 464 plura
393 388 487 464 atque
512 388 622 443 contra
645 376 740 442 talem
763 377 918 463 opinandi
941 377 1220 467 concludendique

110 480 238 546 modurn
271 481 372 570 longe
406 485 553 570 graviora
587 480 805 547 demonstrare
835 481 998 562 videntur,
1032 485 1219 570 Pompeium

111 585 232 650 Orosio
257 583 350 649 alium
373 607 440 650 non
464 607 533 650 esse
556 608 593 649 ao
615 588 778 652 Iustinum.
823 588 1044 674 Respiciamus
1068 587 1218 654 laudandi

109 691 279 753 rationem:
309 689 446 754 Orosius
469 690 492 767 1,
507 690 538 755 8.
561 714 592 776 p.
605 693 656 756 48.
680 691 884 776 „Pompeius
907 694 1019 775 inquit,
1043 690 1218 769 historicus,

111 795 242 878 eiusque
265 792 428 857 breviator
449 794 586 859 lustinus
610 793 736 872 docet“,
760 793 963 879 sequentibus
979 795 1096 859 lustini
1114 794 1215 859 verbis

109 898 200 981 ipsis;
230 895 305 961 dein
327 921 359 983 p.
372 899 424 961 49.
453 899 565 975 „Haec
592 899 762 962 Iustinus“.
784 898 808 974 l,
824 899 875 962 10.
897 920 928 982 p.
942 899 995 963 52.
1019 901 1116 962 initio
1140 901 1215 984 capi·

109 1002 149 1063 tis
178 1001 372 1085 „Pompeius
396 999 633 1087 Corneliusque
660 1006 850 1075 testantur“;
879 1001 978 1085 paulo
1001 1012 1080 1087 post
1102 1002 1213 1067 ibidem

109 1104 187 1181 „Ait
208 1107 291 1168 enim
309 1105 480 1188 Pompeius
503 1106 589 1168 sive
612 1105 780 1182 lustinus“,
803 1125 864 1168 nec
884 1107 988 1169 minus
1011 1105 1114 1170 verba
1138 1114 1213 1169 tan-

110 1216 187 1270 tum
209 1207 358 1270 Iustini
387 1205 550 1294 leguntur;
578 1217 691 1292 postea
714 1231 746 1293 p.
759 1209 810 1272 54.
841 1207 943 1285 „ltem
966 1207 1107 1274 lustinus
1132 1208 1213 1273 adsc-

108 1313 182 1374 rit“.
215 1310 271 1389 lV,
287 1313 317 1373 6.
340 1333 371 1395 p.
383 1313 458 1376 225.
480 1313 581 1398 primo
605 1315 709 1391 „sicut
731 1315 902 1397 Pompeius
918 1314 1049 1400 Trogus
1074 1320 1108 1377 et
1131 1312 1212 1377 lust}

108 1437 168 1480 uus
198 1418 405 1502 exprimunt“,
435 1414 509 1480 dein
538 1418 643 1495 „sicut
671 1418 706 1481 P.
730 1417 768 1479 T.
797 1425 829 1481 et
858 1416 882 1480 1.
913 1416 1086 1496 fatentur“,
1116 1437 1211 1502 neque

109 1518 195 1583 aliud
225 1519 301 1606 quid
322 1518 548 1584 inveniendum
570 1519 614 1584 ibi
637 1519 761 1598 credas,
792 1542 883 1605 quam
907 1520 995 1605 quod
1019 1519 1107 1605 apud
1130 1521 1211 1584 lusti·

108 1645 184 1688 num
207 1633 315 1688 exstat.
353 1622 528 1709 Quomodo
551 1645 587 1688 se
608 1624 725 1688 habeat
746 1623 919 1702 1.V11‚27.
942 1649 974 1710 p.
987 1625 1064 1688 532.
1088 1627 1152 1688 iam
1169 1644 1210 1687 su-

108 1748 166 1812 pra
188 1726 332 1806 vidimus,
354 1749 415 1792 nec
432 1731 493 1791 nisi
509 1728 579 1805 Vll,
595 1729 646 1792 34.
671 1751 701 1812 p.
715 1729 788 1792 555.
805 1738 903 1791 restat
925 1730 1031 1807 „siout
1047 1729 1210 1812 Pompeius

109 1828 346 1917 Corneliusque
367 1833 473 1896 testati
495 1835 606 1906 suut“;
630 1833 684 1917 qui
702 1852 778 1894 sane
795 1829 894 1910 locus,
916 1841 952 1896 ut
966 1830 1050 1896 alter
1065 1830 1123 1895 ille
1140 1834 1212 1895 eius·

108 1935 180 2000 dem
209 1935 296 2013 libri,
324 1934 365 2000 ad
394 1935 489 2000 alium
512 1935 556 2016 (l,
572 1935 645 2014 16.)
667 1934 869 2014 referenduS,
899 1935 954 1999 ubi
981 1956 1128 1999 consona
1151 1934 1211 1998 fere

107 2037 208 2103 verba
236 2044 419 2125 reperimus.
473 2040 514 2103 At
543 2048 576 2102 et
603 2037 694 2102 locus
722 2042 783 2104 iste
813 2043 856 2119 (l,
872 2041 924 2104 16.
948 2063 979 2124 p.
992 2041 1062 2119 68.)
1093 2049 1210 2103 scatens

109 2142 279 2221 erroribus,
303 2142 433 2230 epilogo
458 2146 546 2228 quasi
565 2142 727 2207 Orosiano
751 2145 898 2222 insertus,
921 2145 1073 2207 attentius
1096 2146 1125 2207 si
1149 2165 1211 2208 eum

107 2245 233 2334 legeris,
248 2251 299 2311 vix
315 2246 482 2324 dubitabis,
500 2249 575 2332 quin
591 2267 609 2309 e
624 2246 746 2309 Iustino
766 2251 779 2327 (
785 2247 824 2325 11,
836 2249 871 2319 3;
887 2249 908 2311 2
925 2269 992 2332 sqq.
1009 2258 1043 2311 et
1057 2247 1211 2324 XXXVII,

107 2353 143 2427 3;
160 2353 205 2432 2.)
230 2355 403 2415 oscitanter
424 2353 499 2414 satis
514 2349 778 2437 negligenterque
793 2350 878 2414 lecto
895 2353 929 2415 iu
944 2353 1102 2416 Nostrum
1120 2362 1212 2415 tram

107 2458 189 2519 ierit.
234 2455 345 2518 Verba
367 2457 463 2542 igitur
483 2464 558 2519 sunt
579 2454 690 2517 Iustini
713 2463 842 2532 tantum,
869 2456 924 2519 ubi
947 2457 1087 2522 Orosius
1111 2456 1212 2520 fontes

107 2557 216 2623 laudat
237 2561 424 2644 Pompeium
454 2569 491 2623 et
512 2559 680 2637 lustinum,
709 2561 802 2622 sicuti
824 2560 935 2623 Iustini
963 2570 1133 2639 tautum,
1163 2558 1213 2623 ubi

106 2663 227 2728 fontem
256 2663 381 2749 quidem
411 2684 478 2728 non
507 2665 665 2748 exprimit,
694 2683 802 2726 verum
826 2673 936 2747 aperte
958 2667 1106 2749 sequitur
1127 2665 1212 2728 lusti-

105 2789 190 2832 num.
248 2769 378 2832 Maximi
406 2789 484 2832 vero
514 2769 666 2830 momenti
694 2767 767 2829 milri
798 2764 925 2852 quidem
952 2766 1096 2846 videtur,
1132 2766 1212 2854 quod

106 2871 253 2947 Orosius,
275 2872 429 2936 Iustinum
451 2869 632 2956 ubicunque
654 2881 789 2946 secutus,
813 2874 905 2934 etiam
929 2874 1034 2935 omnia
1055 2875 1124 2936 eius
1140 2874 1211 2934 vitia

107 2973 322 3059 descripserit,
345 2994 450 3059 neque
472 2972 571 3037 ullum
594 2974 634 3038 ab
659 2995 698 3039 eo
723 2977 921 3038 commissum
945 2996 1087 3040 errorem
1114 2998 1212 3041 emen-

106 3076 230 3141 daverit
257 3077 311 3141 vel
340 3080 493 3155 omiserit,
522 3077 714 3163 quod'sane
743 3077 900 3142 interdum
930 3079 1001 3143 sieri
1031 3079 1160 3159 debuit,
1188 3083 1212 3143 si

105 3184 207 3268 ipsum
230 3184 412 3267 Pompeium
436 3181 477 3246 ad
500 3205 610 3246 manus
632 3181 801 3261 habuisset,
825 3203 929 3268 eoque
951 3186 1038 3248 iuxta
1063 3189 1211 3271 epitoma·

106 3294 208 3350 torem
232 3295 316 3348 esset
330 3307 414 3348 usus.
449 3285 600 3371 Exempla
618 3289 699 3349 enim
715 3285 799 3350 illius
815 3288 870 3365 rei,
893 3285 981 3372 quod
998 3291 1114 3354 attinet
1131 3289 1211 3354 Oro·

106 3392 198 3467 sium,
228 3387 327 3452 Floro
352 3389 574 3474 Eutropioque
600 3391 633 3453 in
655 3390 786 3455 historia
809 3392 1027 3455 Romanorum
1051 3395 1141 3458 iuxta
1163 3395 1210 3457 Li-

105 3497 189 3558 vium
210 3503 360 3570 utentem,
381 3491 472 3577 plura
488 3478 610 3557 adsunt.
626 3531 670 3540 —
692 3492 757 3557 Sed
778 3503 972 3559 transeamus
996 3494 1038 3559 ad
1054 3497 1190 3586 singula.

192 3594 399 3685 Segreganda
429 3594 554 3680 quidem
585 3607 616 3660 et
643 3597 888 3681 praemittenda,
917 3621 1000 3684 quae
1027 3602 1168 3666 Orosius
1191 3601 1211 3670 b

104 3701 126 3763 8
150 3709 181 3763 et
206 3703 255 3763 10.
285 3699 490 3786 (quibuscum
519 3704 694 3788 coniungas
718 3700 794 3778 Vll,
815 3704 884 3783 27.)
914 3701 955 3767 de
984 3704 1156 3771 sterilitate
1182 3713 1211 3768 et

105 3803 187 3867 farne
210 3804 365 3892 Aegypti,
388 3802 429 3867 de
455 3803 594 3889 losepho
624 3815 656 3869 et
677 3805 811 3889 Moyse,
839 3805 943 3891 deque
967 3808 1097 3872 Arabici
1128 3812 1210 3872 sinus

104 3909 237 3970 transitu
268 3909 429 3972 elustiuo
454 3910 835 3989 (xxxv1‚2;6-13.)
864 3909 972 3988 affert3
1003 3934 1100 3997 quum
1129 3913 1210 3975 bisce

104 4014 136 4074 iu
165 4011 261 4074 rebus
288 4032 353 4074 non
377 4011 496 4076 fontem
520 4024 669 4098 sequatur
692 4035 777 4091 eum,
806 4012 863 4078 sed
879 3997 1010 4099 551155,
1039 4024 1075 4080 ut
1098 4018 1210 4103 „igno-

102 4117 258 4179 rantiam“
287 4116 354 4177 eius
384 4114 531 4201 suppleat
561 4127 592 4180 et
619 4115 842 4194 „sacerdotum
864 4119 1101 4205 Aegyptiorum
1125 4119 1210 4184 falla-

104 4241 170 4283 cem
198 4219 371 4284 malitiam“
394 4219 551 4298 confutet,
581 4218 751 4284 verborum
774 4220 886 4286 Iustini
912 4225 1100 4289 meminerit.
1148 4223 1209 4288 Ubi
