2640 4764
640 194 680 260 71

104 368 226 425 Helenae
250 376 355 445 raptum
376 367 527 443 significare
547 368 668 426 voluisse
686 368 810 426 videatur
826 367 935 428 Noster.
978 369 1021 430 ΟΕ
1039 381 1127 428 umen
1145 372 1177 443 ll,
1189 376 1213 431 4.

104 456 201 533 p.}t2.‚
220 453 266 508 nbi
285 475 309 509 u.
330 474 351 510 c.
370 454 466 511 scribit
484 476 506 510 a.
526 465 589 531 post
607 453 682 511 Troi.
701 465 770 532 capt.
790 458 858 512 tlt!

178 539 213 610 8)
236 538 348 595 Haverc.
366 542 522 598 varietatem
538 540 601 596 lect.
619 540 698 596 aliam
716 550 796 617 atque
814 552 931 599 notatam
948 564 1003 600 non
1019 543 1127 613 indicat,
1147 565 1215 620 quae

105 625 217 702 quidem
230 627 367 681 exstitisse
378 626 493 695 videtur,
508 648 588 702 quum
601 626 697 702 Scalig.
711 648 804 684 canon.
818 630 916 705 isagog.
934 628 952 685 l.
965 629 1009 685 Ill.
1029 651 1055 708 p.
1064 633 1126 686 321.
1144 651 1215 686 men·

105 711 204 768 dorum
222 710 317 767 Nostri
334 711 385 768 LX
402 733 424 768 a.
443 733 469 768 u.
489 733 510 769 c.
530 733 580 791 pro
598 713 710 770 Eusebii
727 713 1001 791 LXVll.corrigeret.

177 796 212 867 9)
234 797 290 854 Res
312 799 372 853 sine
395 796 477 853 dubio
497 819 530 854 ex
547 799 647 856 Euseb.
666 811 800 877 sumptae,
826 811 854 857 at
870 812 1021 878 temporum
1039 800 1161 859 delinitio
1181 834 1213 846 -·

104 882 274 958 significatur
297 885 368 939 enim
391 883 491 940 bellum
515 882 607 940 Codro
632 906 694 961 rege
716 889 848 942 moriente
870 887 975 944 linitum
997 915 1034 928 -
1057 889 1215 943 oscitantiae

105 969 163 1024 lere
181 968 316 1025 inauditae
334 970 483 1046 exemplum
501 980 551 1026 est.
593 969 677 1027 Credi
694 982 803 1050 posset,
828 975 958 1050 scriptum
976 972 1060 1028 fuisse
1079 994 1092 1028 a
1111 972 1213 1029 Nostro

105 1053 192 1123 CCC,
211 1057 244 1110 ni
262 1057 390 1132 positio
410 1055 491 1111 lacti
509 1055 862 1115 valdeadversaretur.
894 1057 935 1114 cf.
949 1069 1037 1114 tamen
1051 1061 1129 1114 etiam
1142 1059 1212 1115 Scal.
1306 1077 1309 1082 ·

104 1142 183 1196 anim.
202 1140 301 1197 Enseb.
319 1162 346 1217 p.
358 1142 414 1210 59,
437 1143 484 1216 qui
506 1141 587 1199 XXX
608 1142 779 1200 librariorum
802 1164 894 1200 errore
914 1143 961 1215 (i)
986 1164 1036 1221 pro
1056 1143 1214 1202 CCCXXX

104 1229 235 1303 scriptum
253 1229 358 1303 accipit.

177 1313 228 1382 10)
247 1311 290 1368 Gi.
304 1311 401 1389 Scalig.
411 1314 490 1369 anim.
500 1313 598 1370 Euseb.
618 1335 645 1391 p.
656 1317 698 1370 75.
725 1314 752 1370 ls
765 1313 799 1370 ad
812 1335 834 1370 a.
843 1313 909 1371 Abi.
921 1317 990 1370 1273
1001 1325 1065 1391 post
1076 1314 1135 1382 alia,
1147 1314 1213 1371 haec

104 1397 187 1454 habet
210 1395 263 1466 ‚,P.
283 1397 399 1455 Orosius
422 1401 522 1476 repetit
542 1401 648 1456 initium
668 1403 700 1456 ei.
718 1400 784 1456 belli
803 1399 947 1468 (Messenii
965 1399 977 1456 Ι
994 1399 1050 1470 sc.)
1072 1422 1141 1457 anuo
1159 1401 1214 1458 XX

105 1493 167 1540 ante
185 1504 211 1540 u.
229 1504 268 1552 c.,
289 1483 334 1540 bic
356 1505 421 1542 vero
445 1488 595 1560 assignatur
613 1505 697 1542 anno
715 1485 823 1542 XXIX
840 1496 916 1542 ante
934 1485 1053 1542 eiusdem
1071 1487 1146 1544 urbis
1165 1486 1213 1542 Pa-

105 1570 194 1628 lilia“.
232 1570 362 1644 Quamvis
382 1574 486 1649 etipse
504 1572 573 1629 Scal.
592 1572 686 1630 urbem
704 1570 783 1628 cond.
802 1593 825 1628 a.
843 1571 910 1628 Abr.
931 1574 1000 1628 1264
1018 1571 1164 1629 adscribat!

193 1714 342 1778 Attamen
370 1735 437 1778 nou
467 1714 529 1778 nisi
558 1717 843 1801 appropinquantia
866 1717 997 1778 omnino
1020 1715 1083 1779 fert
1103 1713 1212 1779 tabula

106 1819 194 1882 haec.
234 1819 368 1882 Numeri
391 1821 472 1881 enim
489 1819 641 1883 Orosiani
664 1819 759 1884 rebus
782 1821 910 1903 saepius
932 1817 1016 1881 bunc
1034 1822 1068 1882 in
1082 1818 1212 1884 modum

105 1923 255 2008 appositi,
278 1925 363 1985 acsi
386 1925 419 1985 iu
441 1925 583 2008 margine
606 1932 727 1986 tantum
750 1922 866 1985 adiecti
889 1931 1003 2000 esseut,
1024 1932 1061 1986 ut
1075 1921 1212 1986 dubitari

104 2029 220 2112 possit,
251 2030 373 2090 cuinam
396 2028 618 2111 impertiantur
639 2027 724 2090 facto
748 2025 855 2112 (quod
878 2029 972 2090 etiam
995 2035 1109 2110 postea
1131 2029 1212 2090 acci-

105 2130 184 2211 dit):
218 2130 275 2194 ubi
304 2129 429 2215 quidem
459 2151 563 2216 prope
590 2152 717 2216 semper
744 2129 786 2194 ad
814 2132 990 2215 proximum
1021 2150 1077 2193 eos
1106 2128 1209 2194 result

103 2236 274 2298 Praeterea
296 2233 384 2297 editt.
402 2231 533 2298 Eusebii
556 2233 739 2319 (scaligeri,
759 2233 929 2312 Roncallii‚
946 2233 1210 2312 Armeniaca⁵⁷))

103 2342 137 2402 in
160 2341 299 2402 numeris
322 2339 438 2422 passim
462 2336 562 2401 ethis
585 2338 814 2426 subiungendis
837 2340 928 2403 factis
951 2359 1018 2402 non
1033 2335 1136 2400 solum
1152 2335 1211 2398 dii·

103 2442 211 2505 ferunt
231 2443 315 2505 inter
336 2462 380 2518 se,
402 2462 512 2505 verum
536 2444 628 2507 etiam
651 2463 748 2507 unum
770 2443 919 2527 idemque
941 2441 1058 2504 factum
1077 2439 1210 2504 diversis

103 2545 294 2609 adscribitur
315 2546 455 2608 inumeris
477 2545 561 2630 apud
585 2565 708 2609 omnes:
731 2546 786 2610 ubi
808 2549 922 2610 iterum
937 2557 1070 2630 semper
1086 2544 1210 2608 Nostro

103 2651 290 2736 proximum,
312 2647 570 2713 verisimillimum
594 2651 700 2712 ascivi.
746 2648 872 2732 Quibus
896 2650 1065 2724 concessis,
1088 2647 1210 2712 etiamsi

103 2775 186 2839 quae
212 2751 368 2817 resultant
395 2773 433 2816 ex
454 2753 514 2817 hac
535 2762 646 2816 nostra
667 2773 871 2816 numerorum
894 2749 1088 2815 collectione
1109 2751 1210 2812 mino-

101 2860 146 2921 ris
176 2858 312 2921 fortasse
341 2855 444 2922 adhue
471 2855 640 2920 videantur
665 2858 830 2934 momenti,
861 2865 894 2919 et
916 2875 997 2940 quae
1020 2851 1104 2917 haud
1126 2851 1210 2917 levia

102 2983 209 3047 neque
230 2962 347 3026 iniusta
368 2965 402 3025 in
423 2961 576 3026 Nostrum
600 2960 735 3025 fundant
757 2960 948 3046 opprobria,
977 2955 1211 3045 negligentissi-

101 3087 188 3130 mum
216 3086 293 3129 saue
322 3086 422 3150 aeque
450 3087 488 3129 ae
515 3065 769 3129 confusissimum
792 3066 855 3128 hoc
876 3067 911 3128 in
933 3061 1032 3125 libro:
1062 3070 1210 3124 tamone

101 3167 237 3256 singulis
266 3168 451 3254 quibusdam
481 3188 519 3231 ac
545 3177 616 3233 toto
641 3191 678 3233 ex
699 3169 824 3245 habitu,
852 3187 1009 3231 unacum
1032 3173 1211 3227 anteame-

101 3277 234 3338 moratis
256 3277 317 3337 iam
342 3283 374 3337 et
396 3272 582 3350 observatis,
605 3272 729 3337 eluceat
750 3271 865 3336 clarius
888 3265 1123 3355 quodammodo
1142 3267 1211 3330 No-

102 3381 163 3444 stri
177 3381 322 3456 intentio‚
338 3377 411 3441 data
427 3375 656 3464 chronologica
671 3375 803 3442 Eusebii
819 3373 1056 3460 chronologicis
1071 3369 1210 3456 aptandi,

102 3484 159 3548 vel
180 3481 353 3548 secuudum
372 3479 482 3545 eadem
498 3480 653 3569 fingendi.
687 3482 769 3545 Nam
786 3482 924 3564 quinque
939 3479 973 3540 in
988 3477 1068 3539 locis
1091 3478 1165 3554 (110.
1178 3476 1208 3537 l.

102 3591 135 3654 2.
152 3589 183 3651 4.
200 3590 241 3652 ll
261 3596 292 3651 et
309 3586 381 3666 12.)
410 3587 553 3671 proxime
581 3583 622 3648 ad
645 3584 816 3648 Eusebium
841 3580 1043 3645 accedentem
1067 3577 1209 3641 videmus

104 3694 274 3769 Orosium,
304 3711 398 3774 quum
427 3691 461 3752 in
489 3689 609 3752 maiore
631 3696 722 3773 parte
744 3685 937 3771 reliquorum
960 3702 1086 3766 semper
1108 3679 1211 3743 adhuc

104 3796 169 3860 tale
192 3794 267 3881 quid
290 3797 390 3880 accipi
413 3802 529 3879 potest.
567 3792 716 3875 Denique
735 3790 872 3854 Orosius
894 3791 963 3873 ipse
986 3806 1053 3848 non
1076 3794 1138 3848 tam
1161 3806 1211 3847 ac-

105 3901 319 3964 curatissimos
347 3897 529 3981 ubicunque
557 3915 720 3970 numeros,
749 3915 842 3979 quam
871 3891 1022 3975 temporis
1052 3887 1211 3952 definitio-

106 4025 180 4069 nem
204 4005 343 4080 omnino,
366 4000 506 4065 voluerit
527 3999 650 4078 afferre,
674 3995 761 4084 quod
785 3999 877 4061 etiam
900 3993 1135 4082 iungendorum
1153 4012 1211 4077 per

106 4143 307 4153 .—-————

177 4227 230 4298 57)
252 4191 379 4284 Vallarsii
398 4226 541 4283 editionem
560 4224 593 4281 ad
611 4244 703 4281 manus
722 4243 777 4278 non
794 4221 882 4278 habui.
