2640 4764
164 140 177 179 i

598 197 638 262 51

60 373 192 437 minime
214 393 294 436 vero
318 381 473 457 tamquam
489 373 572 452 fone,
595 396 688 458 quem
704 382 809 438 tamen
826 379 914 441 varie
929 387 1082 464 certoque
1097 401 1176 465 quo-

63 477 137 543 dam
160 486 309 563 respectu
332 479 482 562 imprimis
504 478 616 543 Nostri
639 479 761 543 fontem
785 483 981 566 accipiamus,
1005 492 1054 547 est
1069 483 1175 572 Augu-

61 586 175 648 stinus.
226 581 376 665 Denique
403 582 515 666 partim
545 580 678 660 laudati,
708 585 820 668 partim
849 585 1019 672 significati
1045 596 1174 667 tantum,

62 708 145 774 quos
169 686 282 751 Orosii
311 685 417 749 fontes
441 685 574 749 credere
595 685 704 765 liceat,
731 696 805 751 sunt
827 699 944 773 poetae
968 692 1173 771 (Homerus),

61 789 285 879 Virgilius,
315 787 545 869 (Ovidius),
575 791 742 870 (Lucanus
770 799 803 855 et
825 790 1053 875 Claudianus).
1112 795 1174 860 Ad-

62 918 173 982 spersa
197 893 367 960 Ciceronis
389 895 547 957 rarissima
572 905 604 958 et
626 894 797 960 bibliorum
820 918 989 978 sacrorum,
1002 899 1029 978 ⁶)
1053 921 1090 961 ac
1111 899 1175 963 Pli-

61 1005 106 1066 nii
128 1000 261 1063 minoris
278 999 305 1076 ⁷)
328 1018 446 1061 nomen
468 998 531 1062 huc
551 1019 620 1062 non
640 1002 811 1084 pertinent.

150 1104 216 1168 lam
240 1101 328 1188 quod
352 1100 392 1165 ad
414 1105 572 1167 rationem
594 1113 725 1189 spectat,
748 1125 810 1188 qua
832 1106 931 1168 utitur
946 1105 1083 1169 Orosius
1102 1107 1173 1170 fon-

61 1208 148 1273 tibus
171 1209 244 1284 suis,
266 1227 327 1290 pro
350 1228 413 1269 una
438 1207 611 1292 eademque
634 1229 669 1272 re
692 1230 816 1294 semper
839 1209 908 1272 fere
931 1231 1028 1272 unum
1051 1219 1172 1274 tantum

59 1311 232 1376 advocavit
260 1313 459 1394 scriptorem,
488 1314 521 1375 in
545 1333 609 1397 quo
633 1311 799 1376 tractando
824 1310 933 1376 eadem
957 1312 1024 1377 fere
1048 1335 1173 1399 semper

59 1418 112 1480 via
135 1413 263 1494 incedit,
286 1414 405 1479 ambitu
427 1414 531 1479 solum
554 1417 689 1480 fontium
711 1419 824 1480 maiori
847 1426 901 1480 aut
923 1420 1039 1481 minori
1055 1421 1171 1503 passim

59 1518 298 1606 quodammodo
321 1517 538 1604 suppeditata,
562 1523 605 1583 ita
627 1529 663 1583 ut
686 1523 826 1585 omnium
848 1520 947 1584 fenne
968 1540 1102 1605 pannos,
1123 1520 1171 1585 lo·

61 1645 118 1689 cos
142 1622 183 1687 ad
205 1622 338 1688 verbum
360 1623 540 1701 translatos,
564 1634 711 1709 excerpta
732 1624 785 1688 vel
802 1634 966 1688 auctorum
982 1624 1096 1702 verbiS,
1118 1625 1171 1689 vel

61 1751 99 1793 ex
120 1730 253 1815 ingenio
275 1730 375 1814 magis
397 1728 510 1792 Nostri
534 1726 671 1792 conficta
693 1730 846 1792 invenias.
899 1727 965 1794 Sed
992 1731 1086 1792 etiam
1109 1750 1170 1813 pro

58 1833 156 1897 rebus
178 1830 290 1896 iisdem
314 1834 485 1917 scriptores
509 1841 686 1917 assumptos
708 1830 816 1917 plures
840 1832 1061 1909 observamus,
1085 1833 1171 1896 hunc

59 1947 166 2000 tamen
194 1938 226 1999 in
252 1933 394 2013 modum,
424 1946 460 1999 ut
482 1934 600 2020 ubique
624 1935 691 1999 fere
714 1957 796 1998 unus
818 1935 1072 2021 praeponderet,
1102 1957 1170 2000 non

58 2049 95 2104 ut
117 2061 136 2103 e
157 2043 324 2124 perpensis
347 2041 595 2124 uniuscuiusque
617 2038 724 2102 relatis
749 2042 902 2123 optimum
926 2038 1076 2126 eligatur,
1102 2044 1170 2104 sive

58 2146 272 2230 praestantius
302 2144 378 2229 quid
409 2153 544 2208 eruatur.
557 2144 585 2224 ⁸)
638 2143 704 2227 Qui
732 2141 869 2228 plurium
893 2153 1056 2208 auctorum
1079 2147 1170 2209 inre

59 2270 124 2312 una
155 2247 328 2333 eademque
358 2271 434 2313 usus
463 2250 612 2334 imprimis
642 2251 675 2310 in
705 2247 836 2311 historia
862 2258 995 2334 apparet
1016 2250 1169 2326 Romana,

59 2352 116 2417 ubi
145 2352 239 2416 Livio
270 2352 430 2416 subiunxit
458 2351 589 2417 Florum
620 2361 652 2416 et
680 2354 884 2437 Eutropium,
914 2351 1027 2437 quibus
1055 2364 1170 2437 postea

58 2457 233 2522 Suetonius
256 2460 402 2533 accessit;
430 2456 505 2522 dein
529 2478 629 2542 aeque
652 2460 841 2520 coniunctos
864 2455 961 2520 babes
985 2457 1171 2520 Eusebium-

58 2562 290 2644 Hieronymum
321 2583 391 2624 cum
414 2560 572 2625 Suetonio
598 2570 630 2624 et
653 2562 829 2644 Eutropio,
859 2558 996 2645 denique
1025 2562 1109 2624 bunc
1139 2570 1170 2624 et

58 2666 300 2748 Hieronymum.
351 2664 417 2728 Ubi
439 2667 473 2728 in
495 2665 630 2729 historia
652 2667 824 2750 praecipue
847 2664 986 2740 Livium,
1015 2668 1048 2726 in
1070 2663 1171 2726 facto-

58 2790 129 2833 mm
158 2767 317 2832 electione
345 2770 535 2855 Eutropium
565 2780 705 2845 secutus,
735 2789 752 2829 a
776 2765 877 2830 Floro
906 2765 952 2829 nil
981 2769 1042 2830 nisi
1071 2765 1170 2828 verba

59 2873 128 2937 fere
163 2883 322 2937 mutuatus
359 2883 421 2948 est,
450 2882 563 2958 postea
592 2895 669 2937 vero
701 2871 974 2936 consentientibus
1004 2870 1169 2946 Suetonio,

60 2978 219 3062 Eutropio
250 2987 282 3041 et
304 2974 672 3063 Eusebio-Hieronymo
703 2980 793 3056 (narn
823 2974 878 3039 ille
906 2977 1034 3061 saepius
1057 2975 1170 3038 horum

59 3082 165 3161 fons),
186 3103 223 3145 ac
246 3079 385 3166 denique
409 3068 559 3145 consonis
577 3083 733 3166 Eutropio
758 3089 790 3143 et
805 3081 1005 3163 Hieronymo
1029 3078 1104 3158 (ubi
1119 3079 1170 3142 hic

60 3185 149 3250 illurn
173 3188 348 3270 excerpsit)
376 3183 537 3248 difficilius
567 3185 708 3279 quidem,
738 3184 800 3246 hoc
829 3193 934 3246 autem
958 3189 1077 3244 certum
1101 3181 1169 3245 fere

60 3422 131 3459 mum
157 3404 257 3458 omissa
279 3402 390 3470 dicitur3
414 3412 441 3458 et
458 3400 522 3470 Vll,
537 3405 578 3458 lo.
600 3406 700 3481 plna.
725 3402 763 3458 de
785 3401 969 3457 Domitiani
990 3397 1083 3455 bello
1106 3399 1170 3455 Da·

61 3490 146 3544 cieo!
166 3488 200 3543 ad
213 3489 294 3566 quod,
314 3492 338 3547 si
352 3491 412 3566 quis
425 3488 504 3545 buius
517 3491 642 3558 nominis,
658 3498 731 3546 certe
743 3487 789 3544 ille
801 3490 908 3544 minime
920 3485 1070 3543 laudandus
1082 3488 1152 3540 erat!

94 3576 110 3605 ⁴*
129 3578 225 3648 Sulpic.
240 3581 329 3640 Galba,
347 3580 503 3649 imperatoris
523 3579 619 3630 Galbae
637 3600 708 3631 avus:
728 3581 756 3631 cf.
777 3577 809 3631 G.
822 3578 893 3629 Voss.
911 3577 941 3627 de
954 3574 1009 3626 hist.
1022 3576 1074 3625 Lat.
1094 3573 1168 3635 l,18.

131 3649 365 3718 (Nepotflannih.
380 3649 421 3703 13.
445 3651 681 3703 Plut.llomul.17.
704 3652 807 3702 Sueton.
823 3647 897 3698 Galb.
911 3646 935 3698 3.
959 3645 1028 3715 quib.
1042 3643 1170 3696 adibunt

129 3721 216 3772 Nostri
234 3718 300 3789 loc.)

129 3804 167 3872 6)
191 3804 235 3859 De
252 3807 356 3881 poetis,
375 3804 510 3861 Cicerone
528 3814 578 3860 ete.
599 3801 632 3858 cl.
651 3801 697 3858 inl.
716 3801 798 3858 addit.
818 3804 842 3856 l.
861 3809 888 3856 et
905 3800 964 3870 §.S

131 3888 167 3958 t)
191 3888 254 3958 Vll,
269 3895 308 3947 12.
327 3912 354 3969 p.
365 3893 425 3948 487.
446 3912 478 3947 ex
496 3889 595 3947 Euseb.
614 3888 724 3945 Hieron.
1059 3960 1060 3964 Ἰ

129 3976 164 4044 8)
188 3974 340 4032 lllemineris
360 3987 448 4033 tamen
465 3975 559 4045 velim,
581 3995 732 4032 sermonem
750 3973 794 4030 bie
813 3994 874 4030 esse
893 3971 927 4027 de
945 3980 1003 4026 arte
1021 3973 1112 4027 critica
1130 3970 1171 4027 hi-

57 4063 173 4128 storiea3
192 4083 253 4118 narn
272 4062 405 4139 quomodo
424 4065 452 4118 in
471 4062 601 4139 eligendis
619 4081 674 4117 nou
694 4062 802 4139 optimis
821 4059 983 4135 ubieunque,
1002 4055 1051 4113 sed
1063 4057 1171 4134 finipo-

57 4150 113 4204 tius
138 4151 229 4226 operis
247 4151 396 4226 aptissimis
414 4160 538 4206 versatus
556 4151 606 4219 sit,
629 4146 658 4203 id
675 4149 728 4203 iam
746 4166 827 4223 supra
846 4145 967 4213 dietum,
982 4147 1090 4201 minime
1109 4145 1169 4219 quis

56 4236 110 4291 arti
127 4255 191 4293 vere
209 4237 320 4293 criticae
337 4235 480 4294 adscribat.

911 4320 968 4385 ⁴1*
