2640 4764
685 200 747 266 144

164 374 299 453 quondam
316 376 367 432 snb
384 375 540 433 Mithridate
558 374 730 444 sustulerant,
754 375 826 433 bello
845 378 1020 455 recuperatis,
1039 378 1129 432 victus
1148 376 1183 434 ad
1201 377 1271 434 dedi·

162 466 264 519 tionem
282 466 401 538 coegit.“
433 461 466 520 cl.
485 463 566 519 Dion.
581 464 657 519 Cass.
677 462 802 532 L1V‚2‹t.
817 497 849 506 ·-
868 462 970 519 Noster
987 483 1042 519 non
1061 463 1094 520 al.
1113 465 1270 543 reperienda

164 548 198 606 dc
215 571 245 605 re
262 551 375 606 minoris
392 549 448 604 fere
465 552 593 605 momenti
610 559 707 618 narrat,
727 569 837 625 eamque
855 548 945 605 reddit
957 551 1084 605 maiorem
1098 570 1178 626 quam
1190 549 1270 606 luisse

162 636 277 692 ridetur.
315 634 371 691 Sed
388 634 485 691 haecce
502 635 640 692 referenda
659 646 723 694 sunt
740 635 775 692 ad
792 656 832 694 an.
846 657 872 693 u
891 639 944 691 tau
963 667 995 680 -
1015 656 1097 713 quum
1115 639 1170 693 iam
1188 658 1270 714 nsque

163 722 196 778 ad
215 744 237 777 a.
257 744 281 778 u.
302 725 353 777 762
372 731 478 778 ventum
497 726 582 779 essct!

235 808 359 884 Denique
381 807 502 864 Parthen.
526 811 645 865 meminit
663 809 793 876 Orosius,
816 828 846 864 se
869 806 940 864 ultro
964 810 1041 884 qnasi
1063 809 1268 879 subiicientium,

163 898 340 972 conceptione
363 894 469 970 quidem
494 915 554 963 sua,
577 905 715 972 praeterea
736 904 823 950 autem
842 892 951 950 Florum
969 894 1016 964 IV,
1030 898 1077 962 123
1095 899 1129 950 61
1146 905 1173 951 et
1185 899 1227 950 63.
1245 905 1270 951 et

163 981 275 1038 Sueten.
294 981 355 1037 Oct.
374 985 417 1036 21.
442 991 503 1035 ante
522 981 615 1037 oculos
632 981 760 1037 babuisse
779 979 899 1048 videtur,
922 983 1000 1058 impr.
1020 981 1093 1056 quod
1112 984 1209 1037 attinet
1228 981 1267 1036 illa

163 1067 277 1136 „ultro
295 1069 370 1141 signa
390 1100 421 1110 -
441 1070 623 1123 remiserunt“
648 1077 675 1123 et
697 1065 770 1142 quod
793 1065 827 1122 ad
848 1066 986 1123 obsides
1004 1070 1125 1145 pertinet
1143 1068 1222 1124 datos
1240 1069 1267 1138 (a

162 1152 343 1217 Nostro.solo
362 1155 472 1229 regios
490 1153 666 1223 nominatos.)
704 1151 760 1208 Sed
778 1151 844 1207 baec
862 1151 896 1208 ad
914 1174 954 1211 an.
973 1175 997 1210 u.
1018 1157 1071 1210 734
1089 1156 1238 1223 spectauit!

524 1327 547 1396 s.
570 1329 611 1380 η.
652 1324 908 1383 xvruorxvs.

252 1446 285 1510 st
309 1447 379 1532 quis
402 1447 604 1531 scriptorum,
629 1466 708 1530 quos
731 1444 772 1509 ad
795 1465 905 1508 manus
926 1445 1037 1510 habuit
1060 1447 1217 1524 Orosius,
1240 1458 1266 1511 et

163 1550 276 1638 quibus
299 1572 410 1614 revera
433 1571 508 1613 usus
532 1559 586 1626 est,
609 1552 676 1612 sive
695 1558 790 1626 totus,
813 1552 880 1612 sive
896 1545 1059 1614 maximam
1075 1551 1187 1615 saltem
1203 1573 1265 1636 par-

163 1664 226 1718 tem
250 1654 385 1740 exempli
406 1657 505 1717 instar
529 1656 556 1716 ei
581 1652 735 1738 prodesse
757 1656 875 1737 potuit,
903 1656 930 1716 is
954 1664 1021 1718 erat
1043 1655 1132 1720 solus
1158 1657 1265 1718 Eutro-

162 1761 243 1844 pius.
294 1759 388 1820 Hunc
416 1760 512 1844 igitur
539 1758 628 1819 initio
653 1755 779 1840 quidem
803 1759 919 1835 rarius,
947 1769 1060 1842 postea
1085 1769 1193 1824 autem
1215 1762 1265 1822 ite-

161 1884 232 1926 rum
254 1865 429 1947 iterumque
452 1863 580 1924 ascitum
600 1863 786 1938 invenimus
809 1862 851 1923 ita
873 1870 908 1924 ut
924 1862 1075 1926 Orosium
1091 1866 1126 1926 in
1144 1883 1264 1948 eompa-

162 1965 277 2030 nendis
305 1965 445 2029 historiis
474 1966 627 2029 Romanis
658 1967 747 2048 quasi
775 1963 972 2028 laborantem
1002 1965 1179 2030 observare
1205 1966 1264 2030 fere

162 2073 330 2159 possimus.
374 2071 457 2134 Nam
481 2072 507 2132 si
530 2067 673 2146 Elorum,
701 2090 793 2152 quem
816 2071 947 2132 ineunte
970 2069 1102 2133 historia
1127 2073 1264 2134 Romana

163 2174 314 2238 adhibere
336 2171 477 2236 voluisse
499 2171 639 2247 videtur,
667 2182 799 2257 propter
820 2171 961 2235 indolem
983 2175 1075 2236 nimis
1100 2174 1265 2239 obversan-

163 2288 235 2355 tem,
257 2297 330 2339 mox
353 2279 584 2361 postposuerit,
609 2277 796 2362 Eutropium
821 2287 930 2339 contra
954 2298 994 2342 eo
1016 2282 1118 2366 magis
1143 2281 1265 2343 arcessi-

162 2383 217 2459 vit,
241 2401 373 2464 eumque
396 2383 428 2443 in
445 2378 669 2444 adumbraudis
685 2379 779 2442 rebus
796 2384 894 2467 gestis
911 2380 1007 2444 modo
1023 2385 1152 2446 unicum
1168 2403 1265 2468 prope

163 2493 290 2548 secutus
307 2494 363 2561 est,
386 2483 558 2548 seeundum
575 2506 666 2569 quem
681 2484 804 2547 Livium
820 2486 1010 2569 perstrinxit,
1033 2490 1199 2571 excerpsit,
1220 2482 1265 2550 vel

164 2587 246 2652 adeo
276 2585 450 2674 descripsit.
501 2588 546 2651 Ita
571 2587 686 2651 factum
711 2599 772 2665 est,
802 2599 837 2652 ut
859 2610 926 2652 non
949 2587 1052 2652 solum
1075 2588 1178 2653 fusius
1200 2609 1266 2675 pro

162 2702 299 2778 poneret
326 2714 377 2755 res
407 2693 558 2769 Orosius,
593 2714 701 2756 verum
733 2694 824 2755 etiam
853 2691 977 2779 singula
1006 2692 1176 2778 quaedam,
1206 2712 1265 2757 non

163 2799 299 2859 arctiore
330 2795 455 2880 quidem
477 2818 559 2859 nexu
582 2818 651 2860 eum
676 2794 885 2881 suppeditatis
908 2795 948 2858 ab
973 2797 1134 2881 Eutropio
1157 2801 1265 2871 iuncta,

162 2899 320 2962 interdum
343 2901 506 2975 insereret,
529 2908 565 2962 ut
587 2898 732 2984 locuples
748 2901 856 2964 Livius
880 2901 1068 2984 Eutropium
1088 2899 1266 2965 breviorem

163 3005 289 3087 saepius
313 3004 406 3063 etiam
431 3012 641 3086 exsuperaret.
688 3002 809 3067 Atilio
834 3001 1014 3082 desinente,
1040 3008 1073 3068 in
1097 3004 1182 3070 libro
1205 3007 1266 3070 No-

162 3109 220 3169 stri
249 3103 359 3169 ultimo
389 3105 464 3169 inde
492 3106 531 3169 ab
561 3104 729 3170 undecimo
759 3112 862 3193 capite
893 3129 992 3193 usque
1017 3107 1056 3171 ad
1079 3112 1266 3174 tricesimum

161 3214 303 3299 primum,
326 3211 523 3294 Eutropium,
553 3214 579 3272 si
602 3230 668 3273 nou
691 3214 825 3289 unicum,
850 3222 956 3276 tamen
978 3214 1064 3275 iuxta
1087 3214 1266 3290 Eusebium,

162 3319 338 3400 principem
368 3317 568 3399 agnoscimus
597 3314 732 3393 fontem,
761 3318 842 3379 sicut
870 3317 921 3379 bic
949 3315 1036 3379 illum
1058 3315 1108 3380 bis
1133 3315 1266 3381 offendi-

162 3439 231 3482 mus
253 3416 429 3494 laudatum‚
444 3419 497 3497 ¹¹⁴)
513 3420 627 3503 primo
652 3417 777 3502 quidem
800 3423 833 3484 iu
855 3420 930 3483 loeo
953 3430 1111 3506 tamquam
1135 3424 1162 3485 si
1187 3441 1267 3486 men

163 3522 271 3586 dosam
295 3530 415 3584 tautum
439 3523 507 3584 eius
530 3524 673 3585 notitiam
697 3527 856 3611 corrigere
878 3523 1034 3588 voluisset
1056 3525 1206 3604 OrosiuS,
1228 3523 1266 3588 al-

162 3635 231 3690 tero
255 3635 360 3688 tamen
383 3635 418 3688 ut
441 3624 570 3688 fontem.
616 3628 741 3691 Etenim
764 3630 927 3712 scriptoris
950 3637 1012 3692 tam
1036 3627 1184 3708 celebris,
1207 3647 1265 3714 quo

162 3739 330 3813 tantopere
357 3750 432 3792 usus
463 3738 525 3801 est,
554 3738 589 3793 ut
613 3729 680 3794 fere
706 3728 900 3796 describeret
923 3754 1007 3810 eum,
1037 3752 1158 3796 nomen
1181 3751 1266 3797 more

161 3831 258 3896 solito
282 3836 428 3896 omittere
451 3835 503 3894 vix
525 3843 658 3897 conatus
680 3832 814 3898 videtur.
860 3835 952 3921 Quae
976 3839 1083 3899 omnia
1107 3845 1266 3922 apparent,

162 3939 190 3999 si
217 3938 352 4022 vestigia
374 3937 521 4021 Eutropii
548 3940 582 4000 in
604 3938 696 4002 Livio
727 3937 883 4020 adhibito,
913 3939 1030 4004 deiude
1060 3962 1098 4005 ea
1126 3963 1210 4027 quae
1233 3961 1266 4004 ex

162 4041 320 4124 Eutropio
343 4043 477 4125 sumpsit
499 4041 631 4120 Noster,
656 4052 687 4107 et
709 4066 801 4129 quem
824 4047 857 4108 in
879 4043 1009 4109 modum
1032 4067 1069 4109 ea
1093 4052 1267 4133 augescant

233 4227 302 4300 114)
325 4227 384 4299 vu,
398 4233 438 4286 11.
457 4232 552 4308 paea
573 4240 601 4287 a
618 4230 677 4302 vu,
692 4235 733 4290 ro.
751 4252 778 4310 p.
789 4237 850 4290 su.
