2640 4764
638 174 681 243 48

106 356 295 420 seditiones.
308 356 360 434 ⁴⁴).
397 353 565 418 Praeterea
587 361 673 418 totus
696 348 869 431 ierelliber
890 353 1040 437 septimus
1064 352 1211 418 hiscere

103 458 221 537 fertus,
251 480 384 543 quorum
414 468 535 523 tautum
565 457 717 521 celebrati
739 454 973 520 Christiano
997 458 1058 522 sub
1080 462 1211 544 impera-

105 573 177 628 tore
191 560 342 649 Philippo
366 566 440 626 anni
463 563 549 627 urbis
572 560 730 625 millesimi
747 563 992 637 meminerimus3
1016 583 1053 625 ex
1069 563 1119 626 his
1135 584 1209 628 vero

104 670 223 752 sparsis
245 670 297 730 vix
320 676 506 731 structuram
529 669 629 751 priori
652 665 1048 739 similemyconficiamus..

167 768 171 777 ’
194 770 341 856 Quorum
363 773 568 856 mysticorum
592 772 733 854 quamvis
757 779 940 856 argumenta
964 780 996 834 ct
1019 768 1212 833 demonstra-

105 874 211 939 tiones
233 879 346 960 partim
368 873 470 938 valde
487 873 746 957 dubiae,‘partim
766 877 860 936 ctiam
875 872 1060 938 falsissimae
1075 877 1148 949 sint,
1169 883 1210 936 ta·

105 1000 179 1044 men
202 980 324 1044 Orosio
354 988 427 1042 sunt
449 979 717 1063 persuasissimac,
745 979 789 1040 ita
817 987 854 1041 ut
882 977 1030 1042 dentibus
1053 981 1211 1042 insanien-

106 1087 182 1148 tium
206 1088 442 1147 commissurum
465 1104 500 1145 se
523 1091 695 1167 propterea
714 1081 913 1159 confiteatur,
936 1093 1022 1145 certe
1037 1092 1144 1146 autem
1160 1105 1210 1146 ve-

104 1192 205 1253 ritatis
225 1184 385 1273 praesidio
401 1183 568 1265 liberatum
585 1188 633 1248 iri.
646 1187 688 1265 ⁴⁵)
721 1186 836 1269 Neque
850 1185 989 1263 dubium,
1012 1189 1088 1270 quin
1107 1209 1210 1270 quam-

105 1295 153 1356 vis
176 1292 271 1356 nobis
294 1294 354 1354 ista
369 1293 455 1353 notis
471 1311 507 1353 cx
524 1292 625 1352 causis
640 1293 843 1375 ineptissima,
864 1288 1024 1374 planeque
1039 1289 1209 1353 reiicienda

105 1418 239 1461 necesse
261 1398 301 1460 sit
322 1394 506 1472 videantur,
533 1405 638 1456 tamen
660 1396 832 1478 sicutipse
856 1393 992 1473 Orosius
1014 1396 1140 1457 maximi
1163 1415 1210 1457 ea-

106 1499 179 1565 dem
203 1502 362 1565 censuerit
383 1501 543 1576 momenti,
564 1500 639 1562 itcm
661 1495 747 1582 apud
768 1506 917 1581 posteros
932 1520 992 1583 per
1006 1497 1134 1563 saecula
1149 1520 1210 1560 ma·

105 1608 220 1669 ximum
242 1605 411 1669 habuerint
432 1602 567 1688 pondus,
590 1623 651 1666 nee
672 1604 860 1688 paucissima
875 1605 909 1711 in
924 1605 1088 1688 scriptoris
1105 1612 1211 1667 aucto·

105 1711 228 1774 ritatem
252 1705 453 1772 contulerint

194 1811 490 1877 Additamentorum
518 1811 596 1874 boc
609 1810 662 1874 vel
690 1809 771 1875 illud
793 1815 895 1897 primo
919 1820 1048 1897 aspectu
1070 1760 1147 1874 leve
1166 1809 1211 1874 di-

106 1920 227 2003 ctisque
257 1920 388 1981 omuino
417 1937 485 1980 non
506 1912 788 1979 adnumerandum
797 1915 957 1993 videatur,
985 1925 1091 1979 tamen
1113 1917 1141 1978 si
1162 1936 1211 1977 ac-

105 2021 464 2107 curatiuszperpendas,
493 2040 617 2103 semper
645 2023 752 2082 oninia
780 2019 879 2083 ferme
907 2023 1105 2083 atrocitatem
1135 2039 1211 2104 quo·

105 2123 277 2188 dammodo
298 2128 540 2210 praeteritorum
564 2131 675 2186 contra
697 2121 877 2208 praesentia
898 2126 1043 2202 innuunt,
1065 2122 1121 2187 vel
1135 2121 1210 2185 alias

106 2232 278 2294 arctissime
300 2248 414 2293 causac
435 2227 557 2311 finique
579 2230 687 2312 operis
709 2230 849 2291 iniuncta
872 2243 955 2291 sunt.
968 2228 1010 2307 46)
1041 2227 1136 2293 ,Alibi
1159 2227 1211 2290 ad-

106 2332 351 2397 ditamentorum
380 2332 548 2396 discrimen
577 2334 706 2395 nonnisi
734 2334 767 2394 in
793 2334 881 2395 varia
904 2330 1036 2396 eandem
1059 2354 1126 2394 rcm
1149 2341 1210 2395 tra-

33 2522 36 2529 ,
107 2435 214 2501 standi
238 2439 363 2500 ratione
385 2440 533 2523 positum.
585 2435 770 2500 Accuratius
792 2435 945 2499 dillcrunt
967 2436 1006 2499 ab
1030 2436 1108 2513 aliis,
1130 2457 1210 2520 quae

107 2550 139 2604 et
160 2544 364 2606 nominantur
385 2540 666 2626 praefationes
688 2539 843 2603 librorum
865 2542 956 2623 primi
980 2549 1011 2602 et
1029 2543 1114 2603 tertii
1128 2551 1211 2604 utra-

106 2667 167 2730 que
196 2645 236 2708 ad
260 2646 470 2733 Augustinum
500 2643 678 2722 adlocutio,
707 2643 748 2708 de
778 2665 877 2728 opere
900 2643 1104 2728 eiusdemque
1129 2643 1210 2707 dilli-

105 2749 275 2816 cultatibus
297 2753 330 2813 in
353 2752 533 2813 universum
556 2758 697 2835 agentes.
735 2749 892 2812 Breviora
914 2746 975 2811 alia
995 2747 1210 2812 additamenta

105 2855 274 2931 Orosiana,
299 2863 450 2939 exparte
473 2850 609 2915 eundem
631 2855 665 2914 in
685 2851 783 2915 finem
806 2851 1013 2930 intendentia,
1036 2853 1209 2938 atquealia

105 2956 287 3034 dillusiora,
309 2959 424 3041 partim
446 2959 537 3020 nimis
559 2955 672 3042 longa,
694 2958 727 3019 in
750 2955 829 3018 locis
852 2955 1015 3020 nonnullis
1036 2961 1210 3043 praecipue

103 3060 178 3125 libri
200 3061 309 3140 ultimi,
332 3070 367 3124 ut
390 3083 471 3147 quae
495 3058 679 3123 catholicam
697 3061 739 3140 47)
763 3070 848 3124 certe
871 3063 1007 3124 auctoris
1022 3060 1120 3125 fidem
1136 3082 1209 3147 pro-

104 3166 188 3246 bent,
209 3168 328 3248 ,inserta
352 3165 549 3253 significasse
571 3163 718 3228 sufficiat.

109 3358 111 3363 Ι
191 3270 340 3355 Denique
362 3266 472 3334 saltem
495 3286 732 3355 praemoneam,
761 3262 919 3363 quotquot
940 3271 1038 3333 insint
1059 3269 1209 3335 meliores

104 3427 304 3443 ...ρ-...-

174 3523 227 3593 44)
249 3520 313 3590 Vll,
331 3525 366 3576 26
385 3531 413 3577 et
429 3525 472 3577 27.

173 3609 228 3677 45)
251 3607 332 3674 1132.
352 3615 419 3663 extr.

173 3695 226 3762 46)
248 3692 287 3748 Ut
309 3713 348 3749 ex.
368 3712 405 3767 gr.
425 3711 553 3749 excursus
571 3695 688 3771 capitum
706 3699 723 3750 5
742 3705 769 3751 ct
787 3698 821 3749 15
843 3693 907 3750 libri
927 3694 975 3763 Vl,
999 3696 1147 3771 inquibus
1169 3716 1209 3752 re·

103 3789 199 3858 speetu
217 3778 331 3855 quodam
349 3778 445 3835 habito·
456 3779 493 3835 2ad
510 3779 616 3856 prolata
634 3784 661 3838 in
680 3783 766 3859 primo
785 3777 904 3836 eiusdem
921 3781 984 3837 libri
1001 3779 1097 3860 capite,
1117 3804 1149 3839 ca
1162 3803 1210 3860 cp-

102 3860 274 3942 probriorum
291 3884 354 3942 pars
373 3866 524 3940 attingitur,
544 3886 596 3942 qna
615 3871 730 3924 omissus
748 3867 892 3922 multorum
910 3868 1030 3924 Deorum
1049 3869 1160 3926 cultus
1179 3872 1208 3926 in

87 3946 182 4007 'causa
200 3948 291 4007 malor.
308 3952 489 4039 praesentium
508 3972 569 4008 esse
586 3953 737 4022 dicebatur·
757 3963 783 4009 ct
800 3954 999 4011 demonstratur
1013 3956 1208 4013 dubitationem

103 4035 137 4092 de
160 4036 226 4093 diis
250 4036 401 4094 colendis
393 4058 455 4094 ram
466 4049 542 4095 ente
561 4038 742 4097 Christianam
762 4040 873 4096 affuisse
895 4041 1050 4118 religionem
1073 4052 1101 4098 et
1122 4061 1210 4120 aeque

103 4133 184 4199 atque
202 4121 296 4178 banc
288 4145 315 4179 m
334 4123 440 4180 illorum
459 4125 631 4184 abolitionem
650 4137 785 4206 operatum
803 4147 870 4185 csse.

175 4208 292 4279 47)(77.
312 4209 375 4281 Vll,
393 4215 463 4269 33.“
456 4234 484 4269 m
502 4213 547 4270 lin
