2640 4764
589 184 649 250 131

65 357 180 433 insuper
198 353 310 432 proelia.
340 353 492 426 Memmius,
511 356 633 436 Pompeii
648 370 789 435 quaestor,
808 362 922 419 occisus.
953 361 1077 420 Hirtuleii
1094 366 1175 421 inter·

65 441 130 498 lecti
151 441 204 510 (ad
217 441 376 517 segoviam?
400 441 653 515 Flor.111‚23;6.).
674 478 706 488 -
725 445 859 523 Perperna
879 451 1102 516 ‚,comminutus“
1121 453 1174 521 (vi-

65 528 162 596 ctusi)
183 559 213 572 ·-
233 528 306 585 Haec
324 548 377 584 sec.
396 527 465 598 Liv,
485 539 515 587 ut
532 529 648 599 videtur,
668 530 751 587 XCll.

138 614 276 671 Sertorius
295 636 310 670 a
329 617 386 670 suis
403 625 514 671 necatus
533 616 659 685 „decimo
674 617 778 675 demum
791 640 860 675 anno
874 620 938 677 belli
950 620 1099 678 inchoati“.
1113 625 1174 693 ¹⁰¹)

63 700 201 778 Perperna
224 722 239 755 a
258 697 387 779 Pompeio
410 702 498 757 rictus
522 713 549 758 et
567 706 726 759 exstinctus.
762 703 894 762 Civitates
912 717 1048 784 receptae:
1072 707 1174 765 Uxama

63 808 114 865 per
132 786 302 864 Pompeium,
322 786 476 863 Calagurris
495 809 545 865 per
561 788 700 845 Afranium
720 811 836 847 eversae.
863 790 1041 849 Percussores
1059 793 1174 850 Sertorii

63 875 213 951 praemium
230 894 284 929 non
303 883 408 951 petunt.
422 907 451 916 -
473 873 545 929 Haeo
564 895 579 929 e
597 873 654 931 Liv.
668 875 768 932 XCVI.
788 877 919 954 [paucula
934 881 1014 935 etiam
1031 882 1059 935 in
1077 880 1120 937 bis
1138 878 1171 936 al.

63 981 119 1016 non
138 959 320 1029 invenienda]

135 1047 245 1122 p.353.:
269 1044 376 1101 Claudii
396 1055 423 1100 et
441 1045 577 1102 Scribonii
595 1046 655 1103 adv.
676 1046 794 1104 Thracas
813 1058 905 1124 gentes
923 1049 1031 1106 bellum.
1060 1051 1172 1119 [Eutro-

62 1134 139 1210 pium
162 1133 308 1208 reperimus
327 1130 373 1199 Vl,
390 1135 415 1188 2.
435 1135 478 1188 cai
496 1136 614 1189 immixta
632 1133 760 1208 periodus
779 1134 813 1190 de
831 1134 985 1193 Scordiscis
1003 1136 1169 1205 immanibus,

63 1215 247 1274 verisimiliter
270 1215 361 1272 eLiv.
380 1217 496 1290 (XCli)
517 1222 643 1298 sumpta]
669 1251 699 1260 -
724 1219 801 1275 Publ.
821 1220 933 1278 Servilii
956 1224 984 1278 in
1003 1221 1100 1278 Cilicia
1119 1232 1169 1279 etc.

63 1313 91 1359 et
109 1301 240 1359 Cosconii
262 1305 288 1358 iu
307 1302 416 1378 Illyrico
440 1325 484 1361 res
506 1316 596 1380 gestae
614 1306 739 1382 Eutropii
758 1305 802 1373 Vl,
821 1311 838 1362 3
857 1317 885 1362 et
902 1291 928 1364 4
947 1308 1038 1365 verbis
1057 1307 1171 1365 reddun-

61 1400 115 1446 tur.
154 1388 201 1458 [ln
220 1388 262 1444 bis
281 1408 346 1445 vero
365 1387 475 1446 Servilii
493 1412 557 1447 sane
575 1412 633 1459 res,
654 1413 694 1469 ap.
714 1391 806 1448 Nostr.
825 1396 908 1468 magis
927 1397 1087 1472 perspicuae
1106 1414 1170 1471 quo·

62 1475 213 1543 dammodo,
232 1475 271 1532 uti
290 1473 339 1529 alia
359 1495 466 1551 quoque
484 1480 662 1552 cognitionem
680 1477 800 1533 melioris
820 1481 898 1535 etiam
914 1478 996 1535 sontis
1009 1482 1120 1536 inuuere
1131 1481 1170 1537 vi·

62 1561 184 1629 deantur,
202 1582 281 1636 quern
299 1562 423 1638 equidem
441 1561 548 1619 Livium
565 1563 662 1620 XClll.
682 1565 811 1633 autumo]
913 1583 916 1589 ·

134 1646 168 1715 V,
180 1651 222 1702 24.
241 1650 553 1726 p.359-(3or)363.:
578 1649 707 1706 Bellum
726 1648 956 1725 gladiatorum.

132 1732 232 1790 Notum
251 1733 315 1790 belli
333 1735 485 1803 exordium,
505 1756 531 1812 p.
541 1740 614 1792 360.:
637 1735 770 1792 Vesuvius
788 1746 948 1813 occupatus,
967 1735 1080 1792 Clodius
1098 1735 1170 1812 luga·

61 1831 120 1887 tus,
147 1839 205 1897 per·
220 1819 377 1876 Cosentiam
399 1832 426 1878 et
448 1820 631 1900 bletapontum
655 1842 723 1878 nova
747 1824 848 1897 agmina
873 1821 993 1878 collecta.
1040 1820 1118 1878 Crixi
1142 1831 1170 1878 et

61 1916 89 1962 et
111 1904 236 1984 Spartaci
260 1909 366 1983 copiae3
392 1909 546 1964 Oenomaus
569 1911 707 1986 superiore
732 1906 803 1962 bello
828 1910 941 1963 occisus.
985 1905 1102 1976 [Ultima
1126 1927 1168 1984 ap.

60 1992 143 2049 Oros.
163 1991 227 2059 sol,
252 1994 332 2048 sicuti
356 2014 463 2070 quoque
486 2014 554 2070 quae
575 2003 724 2069 sequuntur
747 1992 780 2049 de
803 1992 868 2049 ludo
889 1991 1048 2066 gladiatorio
1067 1994 1170 2049 ironice

60 2081 140 2155 quasi
156 2079 304 2148 instituto]
324 2090 353 2135 ut
370 2080 479 2136 videtur
497 2101 550 2137 sec.
570 2078 628 2136 Liv.
647 2079 735 2136 XCV.

132 2163 267 2220 Consules
286 2163 344 2221 adv.
364 2165 490 2242 fugitivos
508 2168 597 2222 missi:
623 2165 728 2223 Gellius
748 2165 860 2222 Crixum
879 2165 1019 2242 opprimit,
1037 2163 1168 2222 Lentulus

60 2273 74 2307 a
92 2250 225 2327 Spartaco
245 2262 394 2329 superatur.
414 2286 448 2294 —
468 2252 558 2319 Coss,
577 2251 683 2308 collatis
702 2251 800 2308 lrustra
819 2253 914 2328 copiis,
933 2253 1084 2308 vincuntur.
1099 2251 1167 2322 ¹⁰²).

61 2370 91 2383 -
113 2336 147 2393 C.
161 2334 274 2392 Cassius
293 2358 416 2412 procons.
435 2338 594 2415 aSpartaco
614 2359 770 2416 oppressus.
790 2336 1013 2407 [interiectus
1031 2359 1073 2415 ap.
1086 2337 1167 2394 Oros.

59 2423 155 2479 falsum
173 2421 302 2492 videtur]
329 2424 434 2480 Bellum
449 2424 551 2480 Crasso
569 2424 728 2480 mandatum.
748 2445 800 2480 sec.
814 2422 874 2478 Lir.
887 2421 985 2479 XCVl.
1006 2456 1039 2465 -
1057 2445 1084 2498 p.
1093 2426 1166 2479 361.:

58 2510 84 2565 ls
103 2509 219 2565 feliciter
237 2519 336 2585 pugnat
354 2521 446 2566 contra
464 2509 604 2584 fugitivos:
624 2513 733 2565 numeri.
754 2510 869 2578 [omnib.
889 2507 945 2564 lere
963 2507 1075 2576 desant3
1093 2529 1127 2563 an
1139 2510 1168 2564 in

58 2598 129 2674 App.
148 2596 175 2650 b.
189 2615 210 2650 c.
229 2595 250 2661 l,
265 2597 359 2664 list]
396 2596 555 2671 Priusquam
575 2596 732 2673 Spartacum
753 2594 809 2662 „ad
828 2604 908 2668 caput
927 2592 1031 2649 Silari“
1050 2594 1167 2669 aggredi·

58 2692 111 2750 tur,
131 2680 226 2737 Gallos
239 2679 440 2757 Germanosque
458 2681 629 2737 auxiliatores
642 2683 700 2737 eius
719 2679 812 2736 caedit.
844 2679 990 2757 Spartacus
1009 2681 1069 2755 ipse
1087 2698 1109 2734 c.
1123 2698 1167 2734 ex·

59 2770 144 2825 ereitu
164 2786 324 2845 oppressus3
343 2770 446 2823 numeri
465 2768 637 2834 exhibentem
656 2765 785 2842 reliquiae
803 2785 818 2820 a
836 2763 932 2840 plurib.
948 2767 1087 2820 contritae.
1112 2783 1165 2820 sec.

57 2853 116 2911 Liv.
135 2852 246 2911 XCVll.
276 2851 323 2920 [ln
340 2851 464 2930 pluribus
483 2853 574 2910 differt
592 2864 685 2911 auctor
704 2853 736 2908 ab
755 2850 879 2907 omnibus
898 2852 1019 2919 caeteris,
1038 2847 1166 2926 quaedam

57 2939 134 2996 solua
153 2937 322 3016 suppeditat,
340 2941 451 2995 maxime
469 2961 491 2996 c.
509 2939 588 2996 Livio
607 2939 683 3007 lacit,
703 2949 733 2995 ut
751 2957 864 3015 semper.
884 2969 917 2978 -
939 2935 970 2991 Iu
988 2954 1104 2991 excursu
1122 2954 1166 2990 an-

57 3047 128 3083 nexo
147 3024 274 3081 nonnulla
293 3023 326 3079 ad
346 3024 484 3082 historiam
496 3029 656 3104 pertinentia
672 3027 760 3081 obiter
772 3023 859 3079 adl'ert
872 3021 958 3077 adhue
969 3021 1079 3089 Noster,
1099 3040 1166 3097 qnae

57 3116 133 3192 prius
153 3113 260 3178 omissa,
280 3112 358 3166 etiam
377 3110 421 3166 bic
439 3112 591 3167 uberiorem
609 3109 710 3167 iontem
722 3110 919 3166 demonstrant:
938 3108 1096 3173 Domitium,
1115 3125 1166 3180 ge-

56 3218 170 3255 nerum
189 3196 314 3252 Cinnae
332 3200 459 3265 nominat,
478 3197 630 3274 Perpernae
647 3198 675 3251 in
693 3195 828 3271 Liguria
846 3195 975 3261 meminit,
993 3212 1024 3247 ac
1042 3191 1165 3266 lugitivo-

56 3306 116 3342 rum
133 3283 196 3361 plus
216 3293 326 3339 centena
343 3282 416 3339 milia
435 3302 510 3338 caesa
530 3282 635 3352 refert]

127 3370 174 3435 Vl,
187 3374 213 3425 2.
231 3391 257 3446 p.
267 3372 455 3426 370“-375.;
475 3367 605 3424 Bellum
622 3366 896 3424 Mithridaticum.

126 3477 154 3533 p.
164 3459 231 3511 370·
247 3467 275 3512 et
287 3460 362 3512 371.:
386 3454 457 3511 Belli
480 3456 537 3510 init.
556 3473 643 3530 usque
665 3453 700 3508 ad
718 3452 811 3509 Sullae
833 3450 969 3507 tertium
987 3447 1047 3517 ¹⁰³)
1072 3455 1165 3501 contra

55 3565 259 3575 ...-—-—-

130 3618 201 3689 101)
223 3619 293 3675 Fere
311 3639 404 3675 omnes
423 3617 468 3674 alii
487 3615 587 3672 bellum
605 3625 667 3670 octo
688 3634 817 3670 annorum
833 3612 942 3669 faciunt.
969 3607 1028 3664 Liv.
1048 3616 1165 3676 „octavo

56 3703 171 3760 ducatus
190 3707 232 3760 sui
250 3707 341 3760 anno“
361 3703 530 3778 interfectum
549 3701 644 3757 scribit
662 3699 812 3756 Sertorium
832 3709 859 3755 et
876 3696 1019 3774 Hispanias
1038 3693 1165 3749 decimo

55 3789 123 3847 belli
142 3810 212 3846 auno
231 3801 362 3867 receptas.

131 3877 199 3947 102)
222 3876 284 3932 Non
304 3875 492 3942 omittendum,
516 3895 557 3950 ep.
576 3871 633 3928 Liv.
651 3869 749 3927 xcvi.
769 3872 797 3926 in
815 3867 980 3932 nominibus,
1004 3862 1121 3939 indeque
1138 3863 1166 3917 in

56 3963 113 4020 reb.
134 3962 259 4031 differre,
281 3965 432 4040 Appianum
451 3971 543 4018 eontra
562 3959 587 4014 b.
607 3979 628 4014 c.
648 3957 669 4025 l,
690 3960 749 4012 117.
768 3976 827 4012 curn
845 3953 946 4010 Nostro
965 3950 1060 4006 lacere.
1095 3946 1165 4004 Num

54 4070 122 4106 vero
142 4047 259 4105 Orosius
283 4047 389 4104 Livium
412 4050 557 4105 oscitanter
579 4044 688 4119 legerit,
711 4062 745 4096 an
768 4043 884 4118 epitome
906 4036 1083 4114 negligentius
1104 4052 1166 4089 con·

54 4134 125 4192 lecta
144 4136 194 4201 sit,
213 4137 261 4191 vix
280 4133 479 4191 diiudicandum
497 4131 586 4188 bodie.

127 4221 197 4292 103)
216 4219 334 4277 Orosius
353 4240 376 4275 c.
389 4220 521 4296 Eutropio
540 4216 575 4275 de
592 4215 680 4274 tribua
699 4223 792 4271 contra
808 4208 970 4338 Archelqurp
987 4207 1083 4284 pugnis
1101 4205 1166 4261 seri·
