2640 4764
706 166 752 234 34

261 344 385 410 Liber
406 341 609 408 secundus
625 342 800 430 primordia
814 345 938 409 Romae
954 345 1106 424 continet,
1128 346 1280 431 incipiens

174 449 213 515 ab
236 449 317 514 urhe
341 446 484 526 condita,
506 457 663 532 captaque
686 469 705 511 a
728 445 832 513 Gallis
855 445 1019 512 desinens:
1048 451 1189 514 insertae
1212 461 1281 515 sunt

89 556 92 560 ’
173 555 324 619 historiae
339 552 531 638 populorum
546 553 747 631 Asianorum,
762 554 934 638 praecipue
950 553 1125 631 Persarum,
1140 564 1175 619 et
1186 554 1281 621 Grae·

174 680 292 736 corum,
314 679 333 720 a
351 655 433 742 Cyri
456 658 693 743 expugnatione
709 656 896 742 Babylonis,
918 653 1073 720 adfinem
1089 679 1192 744 nsque
1208 659 1281 725 belli

173 761 440 848 Peloponnesiaci
465 771 497 824 et
518 781 658 847 pugnam
683 760 723 825 ad
747 760 888 826 Cunaxa.

203 903 204 907 =
263 865 418 930 Graeciae
448 874 480 928 et
502 864 646 929 Orientis
675 887 726 928 res
756 863 831 929 inde
855 888 873 929 a
896 862 989 929 hellis
1012 865 1281 930 Lacedaemonio·

173 993 242 1034 rum
264 978 375 1034 contra
392 969 601 1046 Artaxerxem,
623 990 723 1053 usque
746 968 787 1033 ad
803 967 1015 1033 Alexandrum
1031 991 1180 1056 magnum
1206 972 1281 1034 eius

175 1095 237 1159 que
259 1093 477 1151 successores,
507 1080 539 1135 et
560 1073 743 1156 Lysimachi
765 1071 955 1158 Seleucique
977 1076 1154 1152 interitum,
1183 1095 1280 1158 aeque

175 1200 213 1242 ac
235 1180 453 1242 Romanorum
483 1198 552 1240 curn
575 1175 685 1240 ltaliae
715 1177 845 1263 populis
875 1176 974 1255 bella,
1004 1177 1045 1242 ad
1073 1199 1194 1242 annum
1218 1177 1280 1242 fere

176 1284 240 1347 471
264 1305 295 1346 u.
318 1281 517 1366 (Pyrrhum)
541 1279 651 1344 libro
675 1283 800 1346 tertio
824 1284 1037 1346 continentur.

264 1386 441 1470 Quartus
466 1394 592 1449 enarrat
613 1383 714 1471 longe
737 1384 978 1470 pulcherrimam
1002 1387 1152 1450 historiae
1167 1387 1282 1449 Roma-

175 1513 236 1556 nae
264 1487 432 1577 periodum
456 1509 474 1550 a
497 1485 591 1552 bellis
614 1511 684 1552 cum
707 1489 833 1573 Pyrrho
856 1511 948 1577 rege,
976 1489 1172 1574 subactaque
1194 1488 1281 1553 ltalia

175 1616 275 1680 nsque
305 1592 345 1658 ad
369 1592 596 1679 Carthaginem
619 1591 771 1670 deletam,
799 1595 887 1656 cuius
911 1603 985 1658 ante
1007 1596 1141 1680 primum
1164 1593 1281 1658 bellum

176 1698 328 1762 Punicum
350 1696 550 1759 historiarum
575 1696 752 1760 alleruntur
773 1695 900 1760 selecta.

262 1802 301 1865 ln
324 1803 465 1885 quinto
489 1821 505 1862 a
531 1797 690 1863 Corintho
715 1809 806 1884 capta
829 1821 952 1878 exorso,
977 1799 1157 1864 bellacum
1179 1802 1282 1864 Viria-

174 1907 239 1984 tho,
261 1905 471 1981 Numantinis,
493 1912 597 1967 motus
621 1903 847 1981 Gracchorum,
870 1902 991 1968 bellum
1012 1904 1138 1982 servile,
1161 1905 1281 1968 Aristo-

174 2014 245 2088 nici,
275 2008 323 2086 al,
352 2006 580 2093 Iugurthinum,
606 2005 800 2072 Cimbricum
824 2018 856 2071 et
879 2010 1099 2084 Teutonicum,
1121 2008 1282 2072 Saturnini

175 2125 207 2177 et
230 2112 383 2178 Glauciae
404 2106 597 2186 molitiones,
619 2109 738 2175 bellum
761 2113 844 2176 inter
866 2109 994 2186 Sullam¹
1009 2120 1041 2176 et
1063 2111 1211 2191 lilerium,
1235 2111 1281 2189 al,

174 2215 312 2302 denique
334 2215 547 2302 gladiatorum
570 2213 690 2279 bellum
715 2224 924 2302 exponuntur.

261 2318 386 2383 Liber
414 2329 550 2382 sextus
577 2320 709 2403 primum
740 2319 780 2383 de
809 2317 992 2382 Mithridate
1021 2321 1101 2406 agit,
1138 2317 1215 2383 dein
1242 2317 1280 2382 de

173 2423 262 2489 bello
285 2426 434 2508 piratico,
459 2420 604 2499 Cretico,
628 2419 667 2485 de
690 2421 786 2487 rebus
809 2445 827 2486 a
850 2424 1006 2508 Pompeio
1028 2425 1062 2485 in
1085 2424 1160 2486 Asia
1183 2425 1280 2509 gestis

174 2527 235 2610 (de
259 2526 434 2606 Catilina),
464 2523 505 2590 de
529 2525 677 2591 Caesaris
699 2524 792 2588 bellis
815 2525 962 2601 Gallicis,
990 2527 1139 2591 Parthico
1163 2526 1280 2603 Crassi,

174 2629 215 2696 de
244 2628 337 2695 bellis
367 2630 513 2695 civilibus
541 2635 625 2696 inter
647 2631 835 2715 Pompeium
866 2642 898 2695 et
921 2628 1106 2709 Caesarem,
1136 2631 1177 2696 de
1203 2634 1282 2696 eius·

174 2734 245 2800 dem
274 2745 391 2815 morte,
421 2733 462 2798 de
484 2733 634 2800 Caesaris
657 2734 828 2799 Octaviani
851 2743 883 2797 et
907 2734 1038 2799 Antonii
1059 2735 1156 2799 rebus
1178 2755 1279 2821 usquo

173 2840 213 2903 ad
236 2841 372 2925 Augusti
394 2839 608 2903 monarchiam
632 2847 665 2902 et
688 2838 848 2904 Christum
872 2848 988 2903 natum.

261 2942 298 3006 ln
321 2947 492 3028 septimo
517 2943 654 3028 denique
678 2952 778 3007 exstat
799 2943 945 3021 historia,
973 2964 1055 3029 quae
1078 2940 1194 3006 dicitnr
1216 2943 1279 3006 Au-

173 3057 274 3134 gusta,
296 3068 401 3111 rerum
417 3049 632 3112 Romanarum
655 3046 713 3110 sub
731 3047 984 3133 imperatoribus
1005 3068 1107 3132 usque
1123 3045 1164 3110 ad
1178 3048 1278 3132 ipsius

172 3151 284 3216 Orosii
306 3163 458 3237 tempora,
482 3174 607 3236 semper
629 3161 777 3237 respectu
799 3151 840 3215 ad
864 3150 1028 3216 ecclesiam
1050 3150 1170 3214 habito.

260 3257 325 3318 lam
348 3259 375 3319 si
397 3258 572 3320 accuratius
596 3253 785 3317 electionem
807 3257 1032 3343 investigamus
1049 3265 1081 3320 et
1096 3254 1278 3339 dispositio-

171 3380 244 3422 nem
273 3380 375 3423 rerum
405 3358 648 3442 earumdemque
676 3362 831 3423 rationem
860 3361 1030 3437 tractandi,
1058 3359 1125 3423 fere
1155 3359 1277 3423 haece

171 3462 237 3527 fine
261 3471 292 3526 et
314 3460 424 3526 indole
446 3464 609 3546 scriptoris
632 3467 859 3548 consequentia
882 3464 1098 3528 observamus.

258 3567 340 3630 Prao
363 3569 495 3629 caeteris
518 3575 551 3628 et
571 3567 665 3629 unice
687 3567 786 3631 ferme
809 3569 959 3632 historiae
981 3568 1134 3653 profanae
1154 3565 1277 3654 eligun-

95 3707 100 3722 κ
171 3681 223 3734 tur
246 3679 278 3732 et
300 3679 493 3747 enarrantur,
517 3671 640 3733 omissis
663 3693 766 3755 paene
789 3672 944 3750 omnibus,
967 3693 1048 3757 quae
1071 3670 1112 3735 ad
1128 3671 1277 3734 historias

170 3775 332 3859 pertinent
353 3784 489 3848 sanctas3
513 3776 654 3857 quamvis
675 3779 795 3859 pariter
810 3775 957 3852 Orosius,
978 3785 1014 3838 ut
1037 3778 1090 3860 qui
1112 3785 1187 3861 post
1204 3797 1276 3840 eum

169 3877 319 3940 historias
340 3878 429 3960 quasi
450 3878 645 3942 universales
661 3877 843 3958 condidere,
866 3903 902 3944 ex
916 3877 1028 3944 iisdem
1046 3889 1140 3965 atque
1155 3881 1189 3942 hi
1206 3902 1277 3944 cau-

170 3982 227 4058 sis,
248 3982 364 4044 veteris
387 3984 527 4066 novique
549 3985 729 4046 testamenti
752 3983 939 4047 traditiones
961 3986 996 4047 in
1018 4005 1108 4047 snum
1130 3987 1278 4070 recipere

168 4087 326 4168 potuisset
348 4105 439 4171 opus.
476 4085 576 4169 erod
599 4086 654 4150 ubi
676 4107 743 4150 uon
765 4087 849 4166 fecit,
871 4109 912 4152 ne
934 4097 1106 4174 propterea
1129 4086 1162 4150 id
1183 4109 1277 4174 prae-

116 4245 117 4249 ,
169 4192 344 4254 termissum
362 4193 432 4278 quis
447 4193 590 4278 accipiat,
613 4189 701 4275 quod
717 4212 830 4256 nexum
846 4192 1045 4258 historiarum
1058 4191 1185 4257 illarum
1202 4215 1275 4257 cum
