2640 4764
630 190 692 258 104

105 367 168 425 dine
185 367 336 424 cubitorum
355 366 559 442 quinquaginta,
585 364 643 421 alti·

104 454 198 512 tudine
217 463 310 530 quater
328 461 409 508 tanta.
677 450 713 523 (l.
726 450 763 522 Ι.)

264 610 267 615 .
432 536 576 594 Caeterum
590 558 641 594 am·
677 536 751 593 miror
772 537 878 594 στάδιοι
895 536 943 608 τῆς
962 534 1090 611 περιόδου
1109 534 1206 608 riperti-

104 625 179 681 hitus
205 626 263 681 eius
291 622 492 700 quadringentis
519 634 547 680 et
570 634 643 680 octo·
678 630 733 687 λιος
751 629 869 695 γίνονται
887 621 1056 684 συνάπαντες
1071 619 1206 693 ὄγδώιιοιτα

105 712 178 787 ginta
196 709 291 767 stadiis
304 711 521 768 circumvenitur.
544 710 637 767 lllurns
674 716 720 766 καὶ
738 710 916 779 τετρακόσιοι.

106 797 224 855 coctili
247 796 354 852 latere
375 807 455 874 atque
473 797 640 854 interfuso
676 792 727 866 (cl.
746 794 812 850 lust.
827 793 848 861 l,
860 798 892 860 2;
905 796 930 850 7.
950 802 978 850 et
995 791 1098 850 Herod.
1111 792 1133 862 l,
1145 793 1206 864 179.)

105 881 267 939 bitumine
285 893 449 959 compactus,
677 880 778 938 Herod.
797 880 818 949 Ι,
832 881 891 937 178.

457 967 529 1024 fossa
543 970 640 1024 extrin-
676 970 779 1042 τάφρος
805 975 851 1040 μὲν
878 964 971 1040 πρῶτά
996 988 1043 1039 μιν
1069 973 1162 1036 βαθέα
1182 989 1206 1023 ra

106 1073 185 1110 secus
206 1052 261 1110 late
279 1063 387 1133 patens,
411 1055 471 1111 viee
489 1057 573 1110 amnis
592 1056 641 1110 oir-
677 1058 722 1108 καὶ
740 1051 817 1125 cripta
836 1057 881 1108 nat
897 1057 959 1124 πλέη
971 1051 1073 1114 ὕδατος
1088 1059 1205 1126 περιθέει·

24 1211 27 1215 ⁸
107 1140 233 1196 cnmssuit.
275 1138 408 1196 Afroute
427 1160 562 1196 murorum
581 1160 639 1196 cen·
676 1136 917 1206 Herod.1,179.:
942 1138 1206 1194 πῦλοιιὸὲὲιιστᾶοι
1246 1150 1248 1157 ·

105 1234 163 1282 tum
181 1235 274 1305 portae
292 1246 391 1282 aereae.
676 1231 749 1300 πέριξ
773 1225 822 1281 τοῦ
846 1230 948 1293 τείχεος
970 1224 1083 1291 ἑκατὸν,
1108 1224 1207 1293 χάλκεαι

677 1324 778 1367 πασαι·

419 1397 481 1475 lpsa
500 1406 588 1453 autem
605 1395 641 1452 la·
676 1399 761 1452 ἐπάνω
781 1400 808 1452 de
827 1400 877 1452 τοῦ
895 1401 998 1465 τείχεος
1016 1418 1040 1450 κ.
1053 1417 1078 1449 τ.
1091 1400 1116 1451 λ.

105 1482 194 1540 titudo
208 1483 236 1539 in
249 1485 476 1540 consummatione
489 1513 524 1524 -
537 1482 643 1559 quadri-

106 1588 153 1645 gas
172 1570 251 1647 capit.
288 1569 393 1626 Domus
412 1571 574 1626 intrinsecus
598 1568 642 1647 (p.
678 1569 736 1626 sine
755 1567 837 1623 dnbio
856 1586 909 1623 sec.
928 1562 1029 1621 Herod
1048 1563 1144 1634 1,181.
1161 1575 1207 1622 tnr-

107 1654 180 1724 1⁰3.)
199 1656 412 1731 quatergeminae
426 1687 460 1697 -
472 1654 610 1713 mirabilis.
678 1657 717 1710 ris
736 1654 808 1710 enim
827 1664 870 1709 est
887 1651 933 1708 illa
953 1651 1114 1721 clarissima,
1133 1661 1159 1711 et
1173 1670 1207 1730 ap.

676 1738 739 1796 Her.
757 1739 955 1815 quatergemina
974 1736 1125 1816 descripta.

194 1879 381 1946 Herodotus
405 1881 555 1946 duntaxat
576 1883 690 1945 horum
705 1881 818 1945 Nostri
841 1880 913 1943 lons
937 1878 1080 1944 dubitari
1095 1880 1209 1964 nequit3

98 1974 271 2068 ⁸quomodo
302 1996 406 2049 autem
435 1989 617 2050 transierint
644 2007 680 2049 ea
703 1987 736 2048 in
760 1984 927 2061 Orosium‚
956 1992 1062 2047 utrum
1085 1990 1126 2047 'ex
1147 1985 1209 2069 ipso

107 2098 238 2151 auctore
261 2086 397 2166 Graeco,
420 2110 541 2174 anper
564 2092 749 2176 scriptorem
774 2086 907 2172 aliquem
927 2087 1077 2150 Latinum
1100 2090 1152 2150 vix
1173 2085 1210 2150 di·

106 2189 251 2270 iudicem‚
274 2195 414 2276 quamvis
437 2193 500 2256 hoe
523 2190 580 2255 illo
604 2191 786 2256 credibilius
807 2191 882 2255 mihi
898 2189 1024 2275 quidem
1040 2189 1191 2255 videatur.

530 2403 551 2472 a.
570 2403 596 2457 o.
637 2399 789 2458 n1v1vs.

196 2519 374 2607 Quousque
403 2523 565 2587 historiam
594 2525 770 2587 Romanam
799 2525 957 2609 pertexuit
984 2522 1113 2603 LiviuS,
1148 2546 1211 2588 cum

106 2628 407 2710 praestantissimum
433 2631 587 2691 exstitisse
608 2627 718 2692 Orosii
742 2627 877 2704 fontem,
902 2648 1009 2711 quem,
1033 2630 1147 2712 paucis
1170 2650 1213 2691 ex-

106 2731 214 2813 eeptis
238 2729 305 2794 fere
329 2729 447 2815 ubique
468 2733 501 2794 iu
526 2730 749 2818 pertractanda
772 2733 991 2794 Romanorum
1016 2730 1150 2796 historia
1172 2753 1214 2795 so

106 2841 197 2895 cutus
220 2835 268 2910 sit,
292 2831 456 2898 credamus
479 2855 611 2898 necesse
634 2843 690 2898 est.
729 2833 802 2918 Qua
826 2836 908 2897 enim
933 2855 1059 2919 cunque
1077 2838 1158 2898 mira
1172 2856 1214 2898 ra-

105 2936 195 2998 tione
220 2945 251 2999 et
273 2939 429 3001 minorum
452 2938 603 3002 historiae
619 2940 784 3001 Romanae
807 2940 1007 3022 scriptorum,
1032 2937 1135 3017 Flori‚
1158 2961 1214 3002 ma-

105 3039 156 3124 gis
183 3040 276 3101 etiam
300 3040 459 3126 Eutropii,
488 3050 553 3104 tum
577 3063 703 3127 quoque
727 3041 889 3119 Suetonii,
918 3039 1079 3106 interdum
1104 3044 1214 3107 Hiero·

104 3142 201 3225 nymi,
220 3141 408 3226 (aliorum),
430 3147 497 3208 sive
521 3155 706 3232 argumenta
729 3147 795 3207 sive
818 3143 917 3207 verba
940 3166 1010 3210 cum
1026 3133 1123 3210 Livio
1146 3167 1215 3210 con-

104 3247 232 3332 iungat,
255 3246 307 3310 rel
331 3247 413 3311 adeo
436 3250 608 3312 immisceat
632 3251 675 3325 ei,
698 3259 803 3312 tamen
826 3246 944 3332 ubique
968 3252 1036 3314 eius
1059 3271 1215 3339 recogno-

104 3358 235 3411 scuntur
255 3352 399 3437 vestigia,
422 3372 482 3414 nee
504 3354 605 3416 minus
629 3351 684 3415 uhi
708 3349 892 3436 deperditos
916 3372 986 3416 esse
1009 3353 1095 3418 Livii
1118 3355 1214 3419 libros

105 3449 260 3531 dolemus,
284 3475 375 3537 quam
398 3452 454 3516 ubi
477 3473 587 3516 eorum
611 3457 703 3539 copia
725 3454 787 3518 frui
808 3453 903 3517 nobis
918 3453 1003 3520 licet.
1022 3493 1072 3537 ··.
1089 3459 1215 3530 Nomen

105 3543 232 3639 quidem
256 3559 394 3620 auctoris
416 3577 484 3620 non
508 3558 568 3620 nisi
584 3566 632 3620 ter
644 3557 686 3636 ⁸²)
709 3557 818 3643 prodit
834 3557 980 3637 Orosius,
1003 3559 1124 3627 ibidem
1140 3584 1214 3628 vcro

104 3657 226 3722 fontem
257 3680 327 3722 eum
356 3657 550 3724 laudaturus.
603 3663 773 3724 Praeterea
802 3663 881 3725 haec
903 3661 986 3728 habe
1010 3663 1214 3732 documenta:

105 3759 197 3824 locos
220 3783 239 3824 e
261 3762 355 3824 Livio
379 3761 555 3848 descriptos
578 3766 681 3849 ipsos;
704 3785 803 3849 porro
828 3763 969 3843 candem,
993 3767 1129 3855 aliisque
1152 3792 1215 3834 sae-

104 3865 175 3948 pius
199 3863 477 3944 contradicentem,
500 3888 558 3951 per
580 3877 680 3931 totum
704 3867 773 3931 fcre
796 3868 947 3934 historiae
963 3874 1133 3938 Romanae
1150 3896 1214 3938 cor-

174 4121 227 4190 82)
250 4120 300 4187 lll,
313 4125 399 4200 nup.
412 4127 461 4180 197
481 4125 531 4196 (el.
545 4125 639 4196 infra).
664 4124 716 4193 Vl,
733 4129 770 4181 15.
792 4147 816 4203 p.
829 4131 888 4185 415.
909 4140 962 4198 „ut
980 4133 1018 4187 ait
1036 4132 1165 4204 Livius“,
1188 4143 1213 4189 et

104 4203 163 4274 Vll,
177 4210 201 4262 2.
221 4227 247 4284 p.
258 4211 317 4262 455.
