2640 4764
587 213 647 278 111

134 409 160 465 p.
177 388 250 443 199.:
275 386 349 443 Fabii
374 386 455 464 Gurg.
479 408 523 444 res
547 399 640 445 eontra
663 389 797 446 Samnites
819 397 917 463 gestae.
942 408 957 443 1
979 387 1090 465 deperd.
1109 388 1168 445 Liv.

59 472 115 542 XI,
139 474 215 530 cuius
239 474 321 530 verba
343 476 473 552 epitomes
493 475 580 546 (init)
601 496 643 553 ap.
662 474 754 531 Nostr.
773 496 799 552 p.
813 478 870 530 199.
889 474 1110 549 recognoscenda.
1124 474 1169 545 87)

59 561 134 616 Dein
152 559 269 616 Nostri
288 561 378 617 verbis
397 560 580 638 „tandemque
597 562 770 618 Samniticum
789 560 898 628 bellurn,
917 560 990 636 quod
1008 582 1056 638 per
1073 560 1122 617 XL
1141 572 1170 618 et

59 646 100 703 IX
124 666 209 702 annos
233 646 316 702 multa
337 646 481 703 Romanor.
505 646 582 703 clade
605 648 775 717 trahebatur,
799 649 870 724 capti
893 646 969 703 ducis
992 647 1169 704 destitutione

60 731 250 803 (occisionel)
268 731 373 789 linitum
387 735 460 801 est“‚
479 732 549 790 Livii
563 733 628 810 qnid
640 737 739 802 inesse,
758 755 791 790 ex
804 737 861 790 eius
880 733 896 789 l.
910 733 945 800 X,
957 737 1000 789 31.
1020 736 1169 802 coniiciem,

60 818 108 875 ubi
127 818 267 875 consulum
286 817 320 892 Q.
334 818 410 875 Fabii
429 829 457 875 et
474 821 502 877 P.
517 821 596 878 Decii
614 841 707 888 annus,
726 820 792 877 belli
804 820 943 876 Samnitici
955 829 1049 876 sextus
1068 831 1095 876 et
1107 841 1170 896 qna·

59 904 226 981 dragesimus
249 907 414 974 nominatur,
436 916 467 962 nt
488 927 553 963 sane
575 907 619 962 bic
641 906 718 962 Fabii
739 906 820 981 Gurg.
843 907 1058 982 quadragesimus
1080 923 1168 963 nonus

60 1001 136 1051 recte
157 990 268 1067 legatur.
308 991 403 1068 Neque
425 993 659 1068 praetermittenda
683 993 833 1050 differentia
852 993 946 1050 Orosii
970 995 998 1048 in
1018 992 1069 1048 bac
1087 1014 1116 1049 re
1133 993 1167 1049 ab

59 1077 195 1154 Eutropio
212 1077 245 1146 II,
258 1081 293 1144 5,
312 1079 357 1153 qni
375 1081 482 1135 minime
500 1082 571 1136 iusto
590 1101 647 1136 eam
665 1083 882 1136 commemoravit
896 1080 965 1147 loeo,
985 1100 1064 1155 quum
1079 1089 1168 1156 pateat

59 1162 191 1219 Nostrum
209 1183 230 1219 e.
249 1162 309 1219 Liv.
329 1184 378 1220 sno
396 1165 477 1221 [inem
495 1165 628 1223 bellorum
644 1166 849 1223 Samniticnrum
867 1170 895 1223 in
912 1176 999 1222 morte
1011 1165 1101 1221 Pontii
1120 1166 1167 1222 du·

60 1251 100 1305 cis
120 1251 252 1326 posuisse.

131 1335 273 1392 Praeterea
293 1337 421 1412 quaedam
438 1339 483 1394 vix
500 1337 564 1395 alibi
582 1338 738 1395 invenienda
758 1337 848 1394 eLiv.
867 1359 909 1414 ap.
920 1337 1011 1394 Nostr.
1032 1348 1166 1394 reservata

60 1441 172 1477 censeas
191 1421 224 1477 de
242 1421 362 1491 Fabios,
381 1423 431 1480 blii
448 1427 587 1501 patrisque
604 1425 735 1481 adversus
754 1425 886 1480 Samnites
905 1424 985 1480 rebus
1004 1427 1096 1500 gestis,
1115 1445 1165 1481 nec

58 1511 148 1565 miuus
167 1507 201 1565 de
218 1529 329 1565 numero
348 1530 493 1566 caesorum.

132 1595 208 1652 Curii
226 1594 338 1666 (Dent.)
359 1595 392 1651 de
410 1595 518 1652 Sabinis
537 1599 657 1652 victoria.
677 1617 731 1652 seo.
746 1594 805 1651 Liv.
817 1595 864 1651 XI.
882 1594 975 1651 ultima
993 1596 1038 1653 bic
1056 1596 1166 1653 Florum

59 1680 97 1752 (1,
111 1684 159 1749 15;
177 1683 297 1758 311111.)
316 1681 357 1737 111
376 1682 492 1739 fortasse
510 1703 559 1760 per
577 1703 645 1749 eum,
666 1681 769 1739 Livium
784 1702 878 1759 sapere
889 1682 1022 1740 videntur.
1052 1684 1167 1753 [Samni-

58 1778 115 1836 tss,
134 1777 165 1823 nt
181 1767 301 1836 videtur,
320 1769 487 1825 rebellantib.
507 1768 615 1825 Sabinis
633 1771 739 1825 iunctos
759 1771 850 1825 omisit
867 1768 962 1838 Oros]

130 1874 156 1930 p.
174 1856 351 1912 199-200.:
381 1855 524 1912 Dolabella
549 1866 576 1911 et
598 1857 719 1912 Domitio
744 1875 813 1912 coss.
837 1876 860 1912 1.
882 1854 1012 1925 Lucanis,
1039 1857 1166 1923 Bruttiis,

57 1939 215 2008 Samnitib,
232 1940 356 1998 Etruscis
375 1953 402 1998 et
421 1942 508 1998 Gallis
526 1941 639 2009 bellum3
664 1940 775 1998 clades
795 1941 946 1999 (laecilii¹

130 2026 185 2083 Vix
207 2027 273 2082 milri
297 2027 419 2095 dubium,
446 2030 510 2104 quin
534 2038 560 2084 et
582 2031 610 2084 in
628 2028 685 2097 bis,
710 2049 866 2106 quamquam
884 2029 1056 2096 brevissime,
1079 2038 1165 2084 tamen

58 2114 209 2169 arctissime
228 2113 344 2169 Orosius
362 2113 469 2170 Livium
486 2115 538 2170 XII
562 2125 670 2171 secutus
693 2119 742 2182 sit,
766 2136 845 2191 quern
868 2117 1069 2171 conversionem
1089 2136 1165 2192 prae·

57 2199 152 2255 bnisse
170 2198 313 2268 factorum,
333 2199 420 2276 qualia
439 2203 466 2255 in
485 2200 579 2276 Polyb.
599 2201 632 2270 Il,
646 2205 670 2257 9.
688 2201 826 2277 leguntur,
846 2222 880 2257 ex
898 2204 1033 2279 expitome
1051 2211 1164 2258 constet.

58 2285 210 2342 conferens
228 2306 293 2342 vero
311 2307 355 2342 res
374 2286 407 2342 ad
426 2287 625 2365 compendium,
648 2297 678 2343 ut
694 2289 812 2356 videtur,
831 2298 951 2365 tempore
969 2287 1165 2363 quodammodo

57 2372 185 2428 distantia
208 2372 305 2448 (paulo
328 2383 407 2450 post
428 2373 590 2430 rebellantes
610 2373 733 2431 Lucanos
755 2385 783 2430 et
800 2374 867 2431 alios
883 2395 947 2431 cum
966 2373 1084 2444 Gallis),
1109 2378 1166 2431 iun-

56 2461 131 2516 xisse
153 2457 288 2537 putandus
312 2469 354 2516 est
372 2459 483 2528 Noster3
508 2481 559 2536 qua
582 2463 609 2516 in
632 2482 661 2516 re
682 2465 794 2518 maxime
812 2462 912 2518 adiuvit
930 2481 989 2517 eum
1007 2460 1057 2517 loc.
1076 2461 1166 2536 Augu·

56 2547 136 2613 stini,
158 2547 234 2601 euius
253 2544 319 2600 adeo
338 2547 419 2602 verba
439 2546 490 2615 (de
508 2550 556 2603 civ.
575 2548 626 2601 Dei
644 2546 689 2615 Ill,
705 2552 744 2604 17.
762 2569 789 2626 p.
800 2550 856 2616 88.)
880 2550 907 2602 in
925 2546 1046 2624 periodis
1064 2545 1106 2602 bis
1126 2545 1165 2602 nl-

57 2634 130 2688 timis
148 2640 278 2708 prostant.
753 2672 757 2679 .

129 2718 487 2796 1V‚1et2.p.214-219.
510 2718 638 2774 Bellum
653 2738 721 2774 oum
740 2717 953 2789 (Tarentinis
967 2716 1016 2786 et)
1035 2717 1164 2792 Pyrrho

57 2825 142 2881 rege.
166 2804 264 2880 Pyrrhi
276 2808 371 2861 exitus.
393 2807 548 2880 gravissima
560 2808 653 2883 pestis.
674 2804 786 2860 Sextilia
800 2807 865 2880 virg.
875 2803 951 2861 Vest.
965 2807 1026 2860 viva
1039 2804 1153 2860 defossa.

129 2891 248 2949 Collatia
266 2894 427 2969 scriptorum
445 2912 500 2947 non
516 2913 624 2970 parvam
637 2893 792 2947 varietatem
805 2911 891 2947 rerum
904 2892 1076 2959 notissimas,
1096 2911 1164 2968 qnae

56 2979 100 3034 lais
119 2977 164 3035 vel
182 2977 237 3033 illis
255 2981 363 3034 maionis
381 2981 507 3035 momenti
526 2979 603 3035 laetis
622 2978 831 3054 subiunguntur,
851 2978 946 3054 prodit.
983 2976 1040 3034 Neo
1059 2978 1164 3054 qualem

56 3086 98 3142 ap.
120 3067 241 3141 quemvis
260 3065 340 3121 alium
360 3068 478 3121 invenias
497 3069 675 3121 narrationem
694 3067 721 3120 in
739 3064 840 3120 Nostro
860 3065 958 3132 babes,
977 3075 1069 3120 contra
1087 3068 1164 3121 cuius

56 3150 318 3208 verisimilitudinem
336 3152 443 3228 quidem
461 3153 507 3208 vix
526 3151 591 3227 quid
610 3151 726 3206 obiicere
745 3151 821 3219 licet,
839 3151 888 3206 sed
906 3153 982 3206 cuius
1001 3153 1098 3206 veritas
1118 3171 1165 3226 po·

56 3240 112 3294 tins
136 3238 218 3293 rebus
242 3241 349 3294 maioris
371 3248 398 3293 et
415 3240 522 3294 maximi
541 3238 667 3313 ponderis
686 3237 863 3292 demonstrari
881 3247 980 3313 potest.
1022 3235 1101 3292 Unde
1120 3236 1165 3294 Li-

56 3327 95 3380 vii
113 3323 142 3380 ll.
154 3323 214 3392 XII,
233 3325 306 3392 Xlll,
324 3323 388 3380 XIV
408 3344 502 3401 presso
521 3323 590 3401 pede
609 3334 730 3381 secutum
749 3344 809 3380 esse
825 3322 953 3379 Orosium
972 3323 1045 3379 credi
1064 3333 1162 3400 potest.

56 3410 192 3466 Habemus
211 3414 280 3467 enim
298 3414 355 3467 init.
376 3432 401 3488 p.
412 3414 472 3465 214.
492 3413 601 3486 vestigia
615 3410 680 3466 adeo
693 3411 800 3466 verbor.
813 3409 883 3466 Livii
902 3410 982 3487 (epit.
995 3410 1074 3480 XII),
1093 3413 1163 3469 sicut

56 3499 84 3554 in
102 3498 158 3553 fine
177 3519 199 3554 1.
212 3503 237 3554 2.
256 3503 368 3576 putta,
392 3498 437 3553 nbi
455 3497 490 3553 de
509 3496 604 3552 sextil.
622 3499 687 3574 virg.
707 3500 806 3573 agitur,
824 3496 896 3552 Livii
913 3495 986 3555 XIV.
1023 3497 1163 3554 Praeterea

56 3605 100 3641 res
129 3587 157 3641 in
181 3589 334 3642 universum
356 3583 436 3640 Livio
461 3582 638 3662 respondent,
667 3584 780 3659 singulis
806 3584 838 3638 ab
863 3581 986 3638 omnibns
1010 3581 1162 3644 auctoribus

56 3669 113 3727 lere
131 3670 191 3727 aliis
211 3671 407 3748 quodammodo
426 3670 634 3726 discedentibus.
665 3670 767 3726 Locum
779 3691 843 3726 vero
863 3691 888 3746 p.
899 3672 959 3724 216.
979 3667 1068 3736 „Nam
1081 3687 1163 3742 quan-¹

55 3768 100 3814 tus
124 3778 140 3814 e
163 3757 271 3814 diverso
293 3760 440 3814 11111111ιι
460 3767 509 3813 111.
533 3759 557 3813 11
577 3777 636 3812 cnm
653 3756 735 3813 Floro
755 3766 781 3812 et
799 3758 945 3833 Eutropio,
962 3755 1033 3811 Livii
1050 3756 1162 3830 vestigia

56 3843 150 3900 itidem
173 3846 374 3912 insistentibus,
398 3846 569 3919 numerisque
593 3842 647 3897 illis
667 3863 750 3918 aeque
768 3843 934 3911 carentibus,
948 3841 991 3911 88)
1013 3843 1162 3917 coniungis,

126 4073 179 4142 87)
204 4070 300 4146 Qualia
317 4083 412 4149 postea
431 4075 551 4149 saepius,
577 4092 644 4148 quae
662 4060 792 4146 nusquam
811 4071 955 4128 omittenda
975 4073 1079 4138 censui,
1098 4091 1162 4146 quos

56 4160 126 4215 niam
145 4160 278 4235 epitomae
296 4161 376 4214 etiarn
387 4158 506 4215 Livianis
525 4178 713 4233 nonnunquam
732 4166 843 4213 utuntur
854 4158 953 4224 verbis,
973 4157 1142 4214 dictionibus.

124 4247 178 4316 88)
202 4243 299 4302 Graeci
318 4247 387 4301 enim
405 4247 511 4324 scriptt.
529 4245 673 4322 prodidere
692 4262 747 4299 eos.
786 4242 827 4300 11..
839 4241 907 4301 Plut.
927 4243 1021 4320 Pyrrh.
1042 4249 1084 4300 17.
