2640 4764
640 178 683 246 14

175 355 271 413 ldem=
292 352 356 411 bibl.
368 352 426 411 Lat.
447 354 770 432 llamburg.1721sq.8.
795 353 815 410 l.
835 374 861 432 p.
869 356 920 411 736
930 370 971 430 sq.
992 353 1038 412 Ill.
1057 357 1144 433 psas
1153 374 1214 431 sqq.

107 491 111 499 .
175 441 274 498 ldem:
296 438 362 497 bibl.
376 441 441 498 eccl.
460 438 513 499 vid.
533 462 623 520 supra.

176 529 243 585 ltern
260 550 274 584 a
293 528 466 605 posterioribt
484 548 565 605 saepe
583 529 698 595 ascitus,
721 547 802 605 quum
825 528 956 605 imprimis
974 528 1007 584 ab
1026 547 1058 584 eo
1078 526 1154 585 editt.
1173 547 1215 582 ca·

105 615 189 692 talogi
206 626 234 671 et
252 623 319 671 nott.
338 613 437 671 literar.
456 616 625 692 copiosiores
643 615 802 690 inceperint.

164 700 322 771 (Eiusdem
346 700 403 769 „de
425 703 502 758 verit.
527 699 630 759 Christ.
655 700 755 777 relig.“
778 721 800 760 e
814 704 840 757 5·
862 701 885 771 §.
899 703 940 757 13.
962 702 1058 779 phot.
1082 721 1097 754 a
1120 697 1214 755 Caveo

104 787 177 846 laod.
194 808 250 843 non
268 785 352 856 ridi.)
856 828 859 832 »

175 888 387 963 Hamberger:
406 888 586 964 nuverltlssige
603 887 784 946 Nachrichten
802 908 827 945 v.
847 887 872 944 d
890 887 1081 944 vornehmsten
1100 885 1216 942 Schrift-

105 975 217 1034 stcllern
228 996 254 1034 v.
266 974 328 1031 Ant.
342 975 368 1031 d.
379 974 457 1030 Welt
473 975 517 1031 bis
531 976 608 1032 1500.
637 973 738 1050 Lemgo
759 978 835 1031 1760.
854 978 879 1030 8.
907 973 976 1029 Tom
988 972 1032 1029 lll.
1052 994 1079 1050 p.
1089 977 1124 1029 59
1133 975 1215 1027 -65,

176 1076 250 1134 Chr.
270 1076 370 1133 Saxc:
395 1079 553 1133 onomastic.
573 1075 674 1133 literar.
694 1086 745 1134 etc.
773 1075 888 1132 Traiect.
908 1075 942 1131 ad
959 1075 1010 1131 Rb.
1029 1077 1107 1131 1775.
1126 1080 1152 1132 8.
1180 1073 1216 1130 ad

105 1183 145 1219 an.
164 1163 229 1220 Chr.
248 1166 309 1218 417.
340 1160 419 1217 Tam.
432 1159 451 1217 l.
477 1182 503 1240 p.
517 1163 571 1218 483
583 1181 624 1238 sq.

176 1248 256 1306 Unde
274 1247 388 1326 petenda
407 1250 470 1317 sint,
490 1250 515 1304 si
534 1269 586 1324 qua
605 1250 674 1305 scire
692 1247 760 1305 velis
779 1248 813 1305 de
827 1248 937 1315 Oresio,
956 1246 1075 1305 breviter
1092 1246 1203 1303 indicat.

176 1349 322 1428 Theoph.
347 1348 422 1407 chr.
445 1347 577 1406 Harles:
604 1349 715 1407 brevior
738 1351 833 1406 notitia
856 1350 1009 1407 literaturae
1031 1348 1109 1405 Rom.
1134 1351 1213 1424 impr.

105 1439 231 1516 scriptor.
243 1436 290 1493 lat.
322 1435 397 1514 Lips.
416 1439 607 1493 1789-1801.
625 1439 649 1493 8.
683 1436 760 1492 Tom.
771 1436 790 1493 l.
812 1438 835 1507 §.
845 1440 887 1494 67.
905 1458 932 1515 p.
942 1438 1100 1493 oto-ott.
1135 1434 1215 1490 Tom.

105 1524 150 1580 lll.
168 1521 276 1600 (suppl.
289 1521 338 1592 ll.)
355 1545 382 1601 p.
392 1524 454 1579 318.
489 1520 535 1578 Nil
553 1521 609 1578 lere
626 1524 680 1579 nisi
698 1533 767 1578 nott.
785 1522 886 1580 literar.

175 1609 192 1666 J
198 1609 311 1665 behert
330 1606 556 1664 Gelehrtenlexic.
575 1617 603 1663 et
620 1606 653 1664 al.
672 1609 859 1667 huiuscemodi
877 1629 940 1688 opp.

174 1694 246 1752 Vera
265 1693 432 1761 semideis,
451 1704 573 1751 accurata
592 1715 653 1751 cnm
669 1698 757 1752 minus
776 1698 915 1752 accuratis.

176 1780 248 1839 Car.
266 1780 381 1856 Traug.
401 1778 642 1839 Scbbnemann:
666 1781 732 1838 bibl.
754 1781 1022 1838 historico·literaria
1045 1780 1155 1836 Petrum
1174 1777 1214 1834 la·

104 1871 185 1926 tinor.
208 1888 223 1925 a
247 1866 361 1924 Tertull.
385 1868 507 1945 principe
530 1888 615 1943 usque
638 1867 672 1924 ad
696 1866 807 1943 Gregor.
826 1868 862 1925 lll.
886 1879 913 1924 et
934 1866 1031 1924 Isidos.
1050 1865 1153 1944 Hispal.
1178 1864 1213 1921 ad

105 1955 171 2013 bibl.
198 1954 314 2010 Fabricii
340 1953 385 2011 lat
413 1953 617 2012 accommodata.
653 1952 729 2032 laips.
750 1958 827 2012 1794.
854 1959 879 2012 8.
917 1955 994 2012 Tom.
1013 1954 1045 2011 ll.
1075 1975 1097 2010 c.
1116 1956 1148 2020 ὃς
1170 1956 1214 2007 10.

125 2085 130 2097 .
151 2043 245 2096 481-
258 2043 317 2096 507.

104 2063 123 2119 p
174 2126 290 2183 Maxime
312 2125 442 2182 laudanda
464 2135 578 2205 propter
600 2128 816 2184 accuratissimos
839 2138 866 2184 et
889 2125 922 2182 ad
943 2125 1001 2182 hoc·
1014 2135 1120 2202 tempus
1140 2122 1216 2179 locu·

103 2211 210 2290 pletiss.
229 2211 304 2269 alior.
324 2222 351 2268 et
369 2211 462 2269 Nostri
481 2212 627 2268 editionum
645 2214 756 2270 indices.

176 2297 221 2355 St.
241 2297 353 2355 Croix:
383 2319 465 2355 exam.
491 2300 604 2375 critique
626 2301 673 2356 des
696 2298 760 2356 hist.
782 2298 884 2356 d'lllcx.
902 2298 929 2354 le
948 2297 995 2356 Gr.
1033 2296 1075 2356 hd.
1094 2295 1214 2354 seconde

104 2383 181 2441 Paris
200 2387 278 2440 1804.
300 2388 326 2441 4.
355 2407 383 2463 p.
398 2388 445 2441 121
461 2404 521 2461 sqq.
679 2374 681 2379 ’

175 2472 326 2547 Quousque
353 2474 412 2527 sine
437 2481 559 2527 accurata
582 2474 700 2528 auctoris
725 2473 876 2546 cognitione
899 2471 933 2527 de
955 2480 1014 2527 toto
1038 2472 1095 2526 eius
1118 2469 1215 2526 babitu

105 2557 252 2614 diiudicare
269 2559 414 2634 possimus,
435 2560 551 2613 omnium
569 2557 625 2615 fere
643 2556 892 2634 locupletissimum,
911 2561 990 2614 sicuti
1008 2560 1107 2613 iustum
1121 2566 1148 2612 et
1160 2555 1216 2612 ele·

104 2652 207 2700 menter
224 2642 303 2698 laude
321 2641 398 2718 digna
411 2641 512 2699 Nostro
532 2644 683 2700 concedens
701 2643 836 2700 iudicium.
872 2645 895 2700 E
915 2664 967 2721 quo
986 2647 1058 2699 inter
1075 2643 1126 2698 alia
1144 2642 1213 2699 baec

104 2739 211 2786 cuotcm
229 2731 272 2808 (p.
289 2731 363 2798 124.)
388 2771 406 2798 ‚,
414 2727 470 2784 Son
489 2731 627 2807 ouvrage“
647 2734 734 2807 inquit
754 2729 832 2798 „fort
849 2730 878 2787 lu
897 2731 1038 2799 autrefois,
1063 2741 1105 2786 est
1121 2729 1214 2787 tombd

104 2816 200 2893 depuis
223 2815 394 2891 long-temps
418 2815 484 2870 dans
507 2837 559 2872 une
581 2826 656 2872 sorte
678 2816 787 2872 d'oubli.
824 2815 846 2871 ll
864 2837 898 2872 ne
916 2819 1011 2873 merite
1029 2836 1092 2894 pas,
1116 2819 1130 2871 1
1148 2815 1213 2871 bien

104 2902 153 2959 des
172 2900 275 2976 §gards9
298 2909 405 2956 surtout
422 2902 446 2955 si
464 2899 518 2956 l'on
537 2902 692 2970 considere,
711 2901 774 2978 qu'il
793 2922 807 2957 a
825 2903 1105 2959 vraisemblablement
1122 2901 1213 2958 fourni

104 2988 256 3044 lBossuet
278 2984 357 3042 l'idt'ee
379 2985 414 3042 de
436 3007 486 3042 son
509 2989 642 3044 immortel
659 2988 784 3045 discours
803 3008 851 3044 sor
866 2987 999 3045 l’histoire
1016 2987 1213 3045 universelle.“

103 3072 246 3130 Praeterea
264 3072 343 3149 longe
359 3073 443 3142 abest,
462 3083 492 3130 ut
506 3094 571 3130 vere
583 3075 674 3131 studio
686 3077 829 3152 scriptoris
842 3074 967 3131 fulciatur
978 3077 1120 3142 sententia,
1139 3073 1214 3150 quod

104 3162 128 3216 si
151 3179 206 3215 non
223 3158 315 3215 multis
335 3181 368 3216 ex
387 3159 460 3228 aliis,
483 3181 548 3217 sane
566 3183 600 3217 ex
617 3161 693 3218 hisee
711 3161 814 3218 eluceat
831 3162 876 3239 (p.
887 3162 964 3231 122.)
988 3162 1045 3232 „ils
1065 3171 1128 3218 sont
1145 3164 1214 3218 tirds

103 3245 162 3317 (les
179 3245 263 3301 livrcs
282 3244 398 3301 d'Orose
416 3244 474 3315 sc.)
496 3245 530 3302 de
548 3247 639 3303 lustin
661 3251 675 3302 h
699 3246 860 3326 l'exeeption
883 3248 920 3305 du
943 3249 1086 3305 dernier“!
1129 3249 1214 3323 Quod

103 3333 211 3387 minime
238 3330 398 3398 mirandum,
427 3352 509 3408 quum
535 3331 592 3388 fere
618 3335 697 3388 unice
723 3333 863 3390 historiam
889 3339 1037 3413 respiceret
1062 3334 1212 3392 Alexandri

103 3437 196 3492 magur.

175 3503 295 3561 Weiss:
323 3501 440 3560 Orosius
463 3505 502 3559 in:
525 3505 682 3582 biograpbie
705 3504 874 3562 universelle.
903 3504 979 3560 Tom.
989 3505 1101 3562 xxxtl.
1120 3529 1147 3585 p.
1158 3510 1213 3564 164

104 3592 203 3647 -166.
226 3590 318 3646 brevis
342 3598 422 3665 atque
444 3600 565 3646 accurata
588 3594 729 3669 expositio.
771 3592 857 3647 Error
879 3600 981 3647 tantum
999 3593 1213 3670 typographicae

103 3675 223 3744 videtur,
247 3678 272 3732 si
290 3696 316 3753 p.
333 3678 391 3732 165.
415 3674 514 3733 0012.
536 3674 632 3752 legitur
654 3678 808 3748 „l'bistoire
827 3676 861 3732 de
879 3676 907 3733 P.
927 3677 1127 3735 0111161111
1145 3678 1213 3734 l'an-

103 3762 265 3818 1161316.“

176 3845 290 3904 calin:
314 3846 430 3904 Orosius
453 3849 481 3903 in
503 3848 590 3904 Erscb
608 3870 633 3906 u.
653 3849 760 3907 Gruber
778 3849 883 3926 allgem.
899 3848 1047 3927 Encyclop.
1067 3849 1116 3906 der
1134 3850 1212 3908 Wis-

103 3931 274 3992 senscbalten
292 3932 445 3991 uKiiuste.
473 3932 602 3991 Sectlll.
631 3936 682 3992 Tb.
696 3940 721 3992 5.
747 3957 773 4013 p.
784 3939 837 3993 510
849 3956 908 4012 sqq.

173 4018 224 4074 Vir
235 4018 300 4074 alias
312 4017 494 4087 doctissimus,
513 4020 675 4079 clarissimus
687 4042 744 4096 *non
757 4022 856 4100 ubique
868 4023 1066 4080 accuratissime
1076 4022 1211 4080 Nostrum

103 4105 215 4181 eiusque
233 4105 334 4182 scripta
351 4106 560 4181 investigaverit.

174 4189 207 4248 G.
225 4189 256 4248 F.
273 4189 306 4248 H.
324 4190 423 4248 beck:
447 4191 554 4250 dissert.
574 4192 719 4270 inaugural.
743 4193 778 4252 de
802 4193 897 4253 Orosii
918 4194 1043 4253 historici
1065 4194 1162 4252 lontih.
1183 4205 1212 4252 et
