<?xml version="1.0" encoding="UTF-8"?>
<!DOCTYPE html PUBLIC "-//W3C//DTD XHTML 1.0 Transitional//EN"
    "http://www.w3.org/TR/xhtml1/DTD/xhtml1-transitional.dtd">
<html xmlns="http://www.w3.org/1999/xhtml" xml:lang="en" lang="en">
 <head>
  <title>
</title>
<meta http-equiv="Content-Type" content="text/html;charset=utf-8" />
  <meta name='ocr-system' content='tesseract 3.04.00' />
  <meta name='ocr-capabilities' content='ocr_page ocr_carea ocr_par ocr_line ocrx_word'/>
</head>
<body>
  <div class='ocr_page' id='page_1' title='image "./deorosiivitaeiu00mrgoog_0081.png"; bbox 0 0 2640 4764; ppageno 0'>
   <div class='ocr_carea' id='block_1_1' title="bbox 692 135 736 200">
    <p class='ocr_par' dir='ltr' id='par_1_1' title="bbox 692 135 736 200">
     <span class='ocr_line' id='line_1_1' title="bbox 692 135 736 200; baseline 0 0"><span class='ocrx_word' id='word_1_1' title='bbox 692 135 736 200; x_wconf 79' lang='lat'><strong>68</strong></span> 
     </span>
    </p>
   </div>
   <div class='ocr_carea' id='block_1_2' title="bbox 160 308 1276 2060">
    <p class='ocr_par' dir='ltr' id='par_1_2' title="bbox 160 308 1269 711">
     <span class='ocr_line' id='line_1_2' title="bbox 160 308 1267 404; baseline -0.007 -22"><span class='ocrx_word' id='word_1_2' title='bbox 160 318 237 404; x_wconf 92' lang='lat' dir='ltr'><strong>ipsis</strong></span> <span class='ocrx_word' id='word_1_3' title='bbox 258 315 371 381; x_wconf 86' lang='lat' dir='ltr'>Nostri</span> <span class='ocrx_word' id='word_1_4' title='bbox 393 311 537 378; x_wconf 83' lang='lat' dir='ltr'><strong>fontibus</strong></span> <span class='ocrx_word' id='word_1_5' title='bbox 559 309 657 386; x_wconf 85' lang='lat' dir='ltr'><strong>tides;</strong></span> <span class='ocrx_word' id='word_1_6' title='bbox 687 313 736 375; x_wconf 93' lang='lat' dir='ltr'><strong>sin</strong></span> <span class='ocrx_word' id='word_1_7' title='bbox 764 319 869 374; x_wconf 90' lang='lat' dir='ltr'><strong>autem</strong></span> <span class='ocrx_word' id='word_1_8' title='bbox 892 308 1098 374; x_wconf 86' lang='lat' dir='ltr'><strong>definitiones</strong></span> <span class='ocrx_word' id='word_1_9' title='bbox 1120 308 1267 374; x_wconf 87' lang='lat' dir='ltr'><strong>relativas</strong></span> 
     </span>
     <span class='ocr_line' id='line_1_3' title="bbox 163 412 1269 499; baseline -0.009 -13"><span class='ocrx_word' id='word_1_10' title='bbox 163 419 316 486; x_wconf 86' lang='lat' dir='ltr'><strong>absolutis</strong></span> <span class='ocrx_word' id='word_1_11' title='bbox 339 421 406 482; x_wconf 91' lang='lat' dir='ltr'><strong>sive</strong></span> <span class='ocrx_word' id='word_1_12' title='bbox 430 414 592 480; x_wconf 90' lang='lat' dir='ltr'><strong>absolutas</strong></span> <span class='ocrx_word' id='word_1_13' title='bbox 615 415 755 479; x_wconf 91' lang='lat' dir='ltr'><strong>relativis</strong></span> <span class='ocrx_word' id='word_1_14' title='bbox 779 412 941 499; x_wconf 85' lang='lat' dir='ltr'><strong>applicare</strong></span> <span class='ocrx_word' id='word_1_15' title='bbox 963 434 1124 493; x_wconf 88' lang='lat' dir='ltr'><strong>conemur,</strong></span> <span class='ocrx_word' id='word_1_16' title='bbox 1152 424 1207 478; x_wconf 91' lang='lat' dir='ltr'><strong>aut</strong></span> <span class='ocrx_word' id='word_1_17' title='bbox 1230 414 1269 477; x_wconf 95' lang='lat' dir='ltr'><strong>al-</strong></span> 
     </span>
     <span class='ocr_line' id='line_1_4' title="bbox 163 518 1269 610; baseline -0.007 -21"><span class='ocrx_word' id='word_1_18' title='bbox 163 535 247 589; x_wconf 89' lang='lat' dir='ltr'><strong>teras</strong></span> <span class='ocrx_word' id='word_1_19' title='bbox 268 544 327 610; x_wconf 89' lang='lat' dir='ltr'><strong>per</strong></span> <span class='ocrx_word' id='word_1_20' title='bbox 342 521 458 586; x_wconf 90' lang='lat' dir='ltr'><strong>alteras</strong></span> <span class='ocrx_word' id='word_1_21' title='bbox 472 519 702 598; x_wconf 89' lang='lat' dir='ltr'><strong>modificemus,</strong></span> <span class='ocrx_word' id='word_1_22' title='bbox 724 518 887 584; x_wconf 90' lang='lat' dir='ltr'><strong>absolutas</strong></span> <span class='ocrx_word' id='word_1_23' title='bbox 902 519 1099 605; x_wconf 88' lang='lat' dir='ltr'><strong>potissimum</strong></span> <span class='ocrx_word' id='word_1_24' title='bbox 1114 539 1190 582; x_wconf 90' lang='lat' dir='ltr'><strong>raro</strong></span> <span class='ocrx_word' id='word_1_25' title='bbox 1206 529 1269 582; x_wconf 93' lang='lat' dir='ltr'><strong>tan-</strong></span> 
     </span>
     <span class='ocr_line' id='line_1_5' title="bbox 166 624 594 711; baseline -0.012 -19"><span class='ocrx_word' id='word_1_26' title='bbox 166 639 232 692; x_wconf 92' lang='lat' dir='ltr'><strong>tum</strong></span> <span class='ocrx_word' id='word_1_27' title='bbox 254 624 439 711; x_wconf 88' lang='lat' dir='ltr'><strong>probabiles</strong></span> <span class='ocrx_word' id='word_1_28' title='bbox 463 633 594 688; x_wconf 89' lang='lat' dir='ltr'><strong>exstare.</strong></span> 
     </span>
    </p>

    <p class='ocr_par' dir='ltr' id='par_1_3' title="bbox 165 724 1273 1746">
     <span class='ocr_line' id='line_1_6' title="bbox 252 724 1270 814; baseline -0.004 -22"><span class='ocrx_word' id='word_1_29' title='bbox 252 730 318 792; x_wconf 89' lang='lat' dir='ltr'><strong>Has</strong></span> <span class='ocrx_word' id='word_1_30' title='bbox 341 739 447 792; x_wconf 88' lang='lat' dir='ltr'><strong>tamen</strong></span> <span class='ocrx_word' id='word_1_31' title='bbox 469 749 546 814; x_wconf 90' lang='lat' dir='ltr'><strong>prae</strong></span> <span class='ocrx_word' id='word_1_32' title='bbox 571 729 703 792; x_wconf 93' lang='lat' dir='ltr'><strong>caeteris</strong></span> <span class='ocrx_word' id='word_1_33' title='bbox 727 735 759 790; x_wconf 91' lang='lat' dir='ltr'><strong>et</strong></span> <span class='ocrx_word' id='word_1_34' title='bbox 780 724 1013 812; x_wconf 85' lang='lat' dir='ltr'><strong>propemodum</strong></span> <span class='ocrx_word' id='word_1_35' title='bbox 1035 727 1147 788; x_wconf 90' lang='lat' dir='ltr'><strong>unicas</strong></span> <span class='ocrx_word' id='word_1_36' title='bbox 1165 724 1270 788; x_wconf 90' lang='lat' dir='ltr'><strong>obser·</strong></span> 
     </span>
     <span class='ocr_line' id='line_1_7' title="bbox 165 828 1270 917; baseline -0.003 -21"><span class='ocrx_word' id='word_1_37' title='bbox 165 854 276 898; x_wconf 91' lang='lat' dir='ltr'><strong>vemus</strong></span> <span class='ocrx_word' id='word_1_38' title='bbox 298 853 431 896; x_wconf 91' lang='lat' dir='ltr'><strong>necesse</strong></span> <span class='ocrx_word' id='word_1_39' title='bbox 455 841 511 910; x_wconf 91' lang='lat' dir='ltr'><strong>est,</strong></span> <span class='ocrx_word' id='word_1_40' title='bbox 540 853 635 917; x_wconf 91' lang='lat' dir='ltr'><strong>quum</strong></span> <span class='ocrx_word' id='word_1_41' title='bbox 659 852 695 894; x_wconf 85' lang='lat' dir='ltr'><strong>ex</strong></span> <span class='ocrx_word' id='word_1_42' title='bbox 718 829 781 894; x_wconf 92' lang='lat' dir='ltr'><strong>illis</strong></span> <span class='ocrx_word' id='word_1_43' title='bbox 803 830 880 894; x_wconf 90' lang='lat' dir='ltr'><strong>solis</strong></span> <span class='ocrx_word' id='word_1_44' title='bbox 903 828 1040 915; x_wconf 78' lang='lat' dir='ltr'><strong>intelligi</strong></span> <span class='ocrx_word' id='word_1_45' title='bbox 1061 832 1175 915; x_wconf 82' lang='lat' dir='ltr'><strong>possit,</strong></span> <span class='ocrx_word' id='word_1_46' title='bbox 1198 850 1270 895; x_wconf 91' lang='lat' dir='ltr'><strong>num</strong></span> 
     </span>
     <span class='ocr_line' id='line_1_8' title="bbox 168 933 1270 1021; baseline -0.005 -18"><span class='ocrx_word' id='word_1_47' title='bbox 168 939 304 1004; x_wconf 86' lang='lat' dir='ltr'><strong>Orosius</strong></span> <span class='ocrx_word' id='word_1_48' title='bbox 327 940 360 1000; x_wconf 92' lang='lat' dir='ltr'><strong>in</strong></span> <span class='ocrx_word' id='word_1_49' title='bbox 384 934 621 1021; x_wconf 83' lang='lat' dir='ltr'><strong>chronologicis</strong></span> <span class='ocrx_word' id='word_1_50' title='bbox 645 944 763 998; x_wconf 87' lang='lat' dir='ltr'><strong>certum</strong></span> <span class='ocrx_word' id='word_1_51' title='bbox 786 933 953 1020; x_wconf 83' lang='lat' dir='ltr'><strong>quoddam,</strong></span> <span class='ocrx_word' id='word_1_52' title='bbox 978 935 1046 996; x_wconf 88' lang='lat' dir='ltr'><strong>sive</strong></span> <span class='ocrx_word' id='word_1_53' title='bbox 1069 943 1183 997; x_wconf 90' lang='lat' dir='ltr'><strong>notum</strong></span> <span class='ocrx_word' id='word_1_54' title='bbox 1206 936 1270 997; x_wconf 92' lang='lat' dir='ltr'><strong>sive</strong></span> 
     </span>
     <span class='ocr_line' id='line_1_9' title="bbox 167 1035 1270 1124; baseline -0.005 -18"><span class='ocrx_word' id='word_1_55' title='bbox 167 1042 275 1106; x_wconf 91' lang='lat' dir='ltr'><strong>fictum</strong></span> <span class='ocrx_word' id='word_1_56' title='bbox 298 1051 448 1124; x_wconf 90' lang='lat' dir='ltr'><strong>sequatur</strong></span> <span class='ocrx_word' id='word_1_57' title='bbox 470 1049 625 1124; x_wconf 86' lang='lat' dir='ltr'><strong>systema,</strong></span> <span class='ocrx_word' id='word_1_58' title='bbox 648 1059 689 1101; x_wconf 88' lang='lat' dir='ltr'><strong>an</strong></span> <span class='ocrx_word' id='word_1_59' title='bbox 713 1040 805 1101; x_wconf 89' lang='lat' dir='ltr'><strong>ctiam</strong></span> <span class='ocrx_word' id='word_1_60' title='bbox 828 1042 862 1102; x_wconf 91' lang='lat' dir='ltr'><strong>in</strong></span> <span class='ocrx_word' id='word_1_61' title='bbox 884 1038 932 1100; x_wconf 92' lang='lat' dir='ltr'><strong>his</strong></span> <span class='ocrx_word' id='word_1_62' title='bbox 957 1059 994 1100; x_wconf 85' lang='lat' dir='ltr'><strong>ex</strong></span> <span class='ocrx_word' id='word_1_63' title='bbox 1017 1035 1151 1100; x_wconf 91' lang='lat' dir='ltr'><strong>arbitrio</strong></span> <span class='ocrx_word' id='word_1_64' title='bbox 1175 1047 1208 1101; x_wconf 88' lang='lat' dir='ltr'><strong>et</strong></span> <span class='ocrx_word' id='word_1_65' title='bbox 1228 1041 1270 1101; x_wconf 92' lang='lat' dir='ltr'><strong>in·</strong></span> 
     </span>
     <span class='ocr_line' id='line_1_10' title="bbox 169 1139 1270 1229; baseline -0.005 -19"><span class='ocrx_word' id='word_1_66' title='bbox 169 1144 368 1210; x_wconf 90' lang='lat' dir='ltr'><strong>considerate</strong></span> <span class='ocrx_word' id='word_1_67' title='bbox 399 1145 519 1229; x_wconf 83' lang='lat' dir='ltr'><strong>egerit?</strong></span> <span class='ocrx_word' id='word_1_68' title='bbox 564 1145 606 1206; x_wconf 85' lang='lat' dir='ltr'><strong>At</strong></span> <span class='ocrx_word' id='word_1_69' title='bbox 632 1144 780 1226; x_wconf 91' lang='lat' dir='ltr'><strong>quoniam</strong></span> <span class='ocrx_word' id='word_1_70' title='bbox 803 1144 836 1204; x_wconf 91' lang='lat' dir='ltr'><strong>in</strong></span> <span class='ocrx_word' id='word_1_71' title='bbox 858 1163 906 1218; x_wconf 94' lang='lat' dir='ltr'><strong>re,</strong></span> <span class='ocrx_word' id='word_1_72' title='bbox 936 1162 1017 1226; x_wconf 90' lang='lat' dir='ltr'><strong>quae</strong></span> <span class='ocrx_word' id='word_1_73' title='bbox 1039 1143 1130 1225; x_wconf 87' lang='lat' dir='ltr'><strong>quasi</strong></span> <span class='ocrx_word' id='word_1_74' title='bbox 1153 1139 1270 1205; x_wconf 87' lang='lat' dir='ltr'><strong>ordinis</strong></span> 
     </span>
     <span class='ocr_line' id='line_1_11' title="bbox 167 1244 1271 1336; baseline -0.004 -24"><span class='ocrx_word' id='word_1_75' title='bbox 167 1250 366 1336; x_wconf 91' lang='lat' dir='ltr'><strong>principium,</strong></span> <span class='ocrx_word' id='word_1_76' title='bbox 387 1249 469 1310; x_wconf 91' lang='lat' dir='ltr'><strong>ratio</strong></span> <span class='ocrx_word' id='word_1_77' title='bbox 494 1244 658 1309; x_wconf 87' lang='lat' dir='ltr'><strong>arbitraria</strong></span> <span class='ocrx_word' id='word_1_78' title='bbox 681 1248 732 1308; x_wconf 85' lang='lat' dir='ltr'><strong>vix</strong></span> <span class='ocrx_word' id='word_1_79' title='bbox 748 1245 907 1308; x_wconf 90' lang='lat' dir='ltr'><strong>credibilis</strong></span> <span class='ocrx_word' id='word_1_80' title='bbox 924 1254 979 1321; x_wconf 90' lang='lat' dir='ltr'><strong>est,</strong></span> <span class='ocrx_word' id='word_1_81' title='bbox 1002 1265 1106 1329; x_wconf 87' lang='lat' dir='ltr'><strong>neque</strong></span> <span class='ocrx_word' id='word_1_82' title='bbox 1122 1245 1271 1310; x_wconf 92' lang='lat' dir='ltr'><strong>Orosium</strong></span> 
     </span>
     <span class='ocr_line' id='line_1_12' title="bbox 168 1347 1272 1436; baseline -0.005 -19"><span class='ocrx_word' id='word_1_83' title='bbox 168 1353 262 1417; x_wconf 90' lang='lat' dir='ltr'><strong>talem</strong></span> <span class='ocrx_word' id='word_1_84' title='bbox 292 1351 439 1436; x_wconf 86' lang='lat' dir='ltr'><strong>persequi</strong></span> <span class='ocrx_word' id='word_1_85' title='bbox 467 1348 610 1413; x_wconf 88' lang='lat' dir='ltr'><strong>voluisse</strong></span> <span class='ocrx_word' id='word_1_86' title='bbox 641 1350 872 1412; x_wconf 84' lang='lat' dir='ltr'><strong>existimaveris.</strong></span> <span class='ocrx_word' id='word_1_87' title='bbox 924 1347 1193 1434; x_wconf 83' lang='lat' dir='ltr'><strong>Interrogaudum</strong></span> <span class='ocrx_word' id='word_1_88' title='bbox 1219 1352 1272 1436; x_wconf 82' lang='lat' dir='ltr'><strong>igi</strong></span> 
     </span>
     <span class='ocr_line' id='line_1_13' title="bbox 169 1451 1272 1539; baseline -0.004 -18"><span class='ocrx_word' id='word_1_89' title='bbox 169 1466 235 1533; x_wconf 89' lang='lat' dir='ltr'><strong>tur,</strong></span> <span class='ocrx_word' id='word_1_90' title='bbox 263 1454 450 1520; x_wconf 87' lang='lat' dir='ltr'><strong>habueritne</strong></span> <span class='ocrx_word' id='word_1_91' title='bbox 474 1452 611 1517; x_wconf 87' lang='lat' dir='ltr'><strong>Orosius</strong></span> <span class='ocrx_word' id='word_1_92' title='bbox 636 1463 775 1538; x_wconf 83' lang='lat' dir='ltr'><strong>systema</strong></span> <span class='ocrx_word' id='word_1_93' title='bbox 799 1451 1080 1539; x_wconf 82' lang='lat' dir='ltr'><strong>chronologicum?</strong></span> <span class='ocrx_word' id='word_1_94' title='bbox 1115 1453 1272 1538; x_wconf 89' lang='lat' dir='ltr'><strong>quodnam</strong></span> 
     </span>
     <span class='ocr_line' id='line_1_14' title="bbox 170 1555 1273 1642; baseline -0.003 -18"><span class='ocrx_word' id='word_1_95' title='bbox 170 1558 250 1624; x_wconf 93' lang='lat' dir='ltr'><strong>illud</strong></span> <span class='ocrx_word' id='word_1_96' title='bbox 275 1559 389 1622; x_wconf 86' lang='lat' dir='ltr'><strong>luerit?</strong></span> <span class='ocrx_word' id='word_1_97' title='bbox 423 1555 609 1640; x_wconf 89' lang='lat' dir='ltr'><strong>quibusnam</strong></span> <span class='ocrx_word' id='word_1_98' title='bbox 634 1565 827 1642; x_wconf 79' lang='lat' dir='ltr'><strong>agnoscatur</strong></span> <span class='ocrx_word' id='word_1_99' title='bbox 848 1557 962 1620; x_wconf 87' lang='lat' dir='ltr'><strong>rebus?</strong></span> <span class='ocrx_word' id='word_1_100' title='bbox 997 1577 1166 1642; x_wconf 93' lang='lat' dir='ltr'><strong>quousque</strong></span> <span class='ocrx_word' id='word_1_101' title='bbox 1189 1580 1273 1623; x_wconf 88' lang='lat' dir='ltr'><strong>secu·</strong></span> 
     </span>
     <span class='ocr_line' id='line_1_15' title="bbox 171 1657 935 1746; baseline -0.004 -19"><span class='ocrx_word' id='word_1_102' title='bbox 171 1674 221 1727; x_wconf 91' lang='lat' dir='ltr'><strong>tus</strong></span> <span class='ocrx_word' id='word_1_103' title='bbox 245 1665 285 1726; x_wconf 92' lang='lat' dir='ltr'><strong>sit</strong></span> <span class='ocrx_word' id='word_1_104' title='bbox 307 1663 463 1746; x_wconf 83' lang='lat' dir='ltr'><strong>systema?</strong></span> <span class='ocrx_word' id='word_1_105' title='bbox 496 1657 624 1723; x_wconf 92' lang='lat' dir='ltr'><strong>ubinam</strong></span> <span class='ocrx_word' id='word_1_106' title='bbox 648 1658 789 1723; x_wconf 88' lang='lat' dir='ltr'><strong>discedat</strong></span> <span class='ocrx_word' id='word_1_107' title='bbox 812 1660 851 1723; x_wconf 93' lang='lat' dir='ltr'><strong>ab</strong></span> <span class='ocrx_word' id='word_1_108' title='bbox 875 1663 935 1724; x_wconf 81' lang='lat' dir='ltr'><strong>eo?</strong></span> 
     </span>
    </p>

    <p class='ocr_par' dir='ltr' id='par_1_4' title="bbox 171 1762 1276 2060">
     <span class='ocr_line' id='line_1_16' title="bbox 258 1762 1274 1849; baseline 0.002 -21"><span class='ocrx_word' id='word_1_109' title='bbox 258 1766 395 1829; x_wconf 90' lang='lat' dir='ltr'><strong>Primum</strong></span> <span class='ocrx_word' id='word_1_110' title='bbox 424 1765 457 1826; x_wconf 90' lang='lat' dir='ltr'><strong>iu</strong></span> <span class='ocrx_word' id='word_1_111' title='bbox 485 1764 625 1825; x_wconf 92' lang='lat' dir='ltr'><strong>historiis</strong></span> <span class='ocrx_word' id='word_1_112' title='bbox 647 1762 758 1827; x_wconf 88' lang='lat' dir='ltr'><strong>Orosii</strong></span> <span class='ocrx_word' id='word_1_113' title='bbox 786 1762 873 1826; x_wconf 87' lang='lat' dir='ltr'><strong>illam</strong></span> <span class='ocrx_word' id='word_1_114' title='bbox 901 1767 936 1827; x_wconf 93' lang='lat' dir='ltr'><strong>in</strong></span> <span class='ocrx_word' id='word_1_115' title='bbox 962 1765 1085 1849; x_wconf 90' lang='lat' dir='ltr'><strong>scriptis</strong></span> <span class='ocrx_word' id='word_1_116' title='bbox 1113 1765 1274 1830; x_wconf 79' lang='lat' dir='ltr'><strong>istiusce</strong></span> 
     </span>
     <span class='ocr_line' id='line_1_17' title="bbox 171 1865 1274 1954; baseline 0 -19"><span class='ocrx_word' id='word_1_117' title='bbox 171 1873 251 1949; x_wconf 93' lang='lat' dir='ltr'><strong>tatis,</strong></span> <span class='ocrx_word' id='word_1_118' title='bbox 275 1869 459 1954; x_wconf 90' lang='lat' dir='ltr'><strong>pracsertim</strong></span> <span class='ocrx_word' id='word_1_119' title='bbox 482 1867 649 1942; x_wconf 74' lang='lat' dir='ltr'><strong>historicis</strong></span> <span class='ocrx_word' id='word_1_120' title='bbox 674 1865 838 1953; x_wconf 83' lang='lat' dir='ltr'><strong>vulgarem</strong></span> <span class='ocrx_word' id='word_1_121' title='bbox 861 1865 1034 1932; x_wconf 91' lang='lat' dir='ltr'><strong>secundum</strong></span> <span class='ocrx_word' id='word_1_122' title='bbox 1057 1889 1159 1933; x_wconf 91' lang='lat' dir='ltr'><strong>annos</strong></span> <span class='ocrx_word' id='word_1_123' title='bbox 1184 1873 1274 1949; x_wconf 87' lang='lat' dir='ltr'><strong>(aute</strong></span> 
     </span>
     <span class='ocr_line' id='line_1_18' title="bbox 173 1968 1276 2060; baseline -0.002 -21"><span class='ocrx_word' id='word_1_124' title='bbox 173 1980 223 2054; x_wconf 89' lang='lat' dir='ltr'><strong>et)</strong></span> <span class='ocrx_word' id='word_1_125' title='bbox 246 1983 321 2060; x_wconf 91' lang='lat' dir='ltr'><strong>post</strong></span> <span class='ocrx_word' id='word_1_126' title='bbox 342 1971 453 2036; x_wconf 91' lang='lat' dir='ltr'><strong>urbem</strong></span> <span class='ocrx_word' id='word_1_127' title='bbox 477 1968 634 2034; x_wconf 89' lang='lat' dir='ltr'><strong>conditam</strong></span> <span class='ocrx_word' id='word_1_128' title='bbox 658 1974 927 2057; x_wconf 86' lang='lat' dir='ltr'><strong>computationem</strong></span> <span class='ocrx_word' id='word_1_129' title='bbox 949 1971 1164 2051; x_wconf 88' lang='lat' dir='ltr'><strong>observamus,</strong></span> <span class='ocrx_word' id='word_1_130' title='bbox 1178 1974 1222 2056; x_wconf 77' lang='lat'><strong>⁵⁴)</strong></span> <span class='ocrx_word' id='word_1_131' title='bbox 1247 1983 1276 2038; x_wconf 88' lang='lat' dir='ltr'><strong>et</strong></span> 
     </span>
    </p>
   </div>
   <div class='ocr_carea' id='block_1_3' title="bbox 172 2182 1278 3635">
    <p class='ocr_par' dir='ltr' id='par_1_5' title="bbox 172 2182 1277 2583">
     <span class='ocr_line' id='line_1_19' title="bbox 172 2182 1276 2265; baseline 0.004 -25"><span class='ocrx_word' id='word_1_132' title='bbox 172 2183 355 2260; x_wconf 87' lang='lat' dir='ltr'><strong>tempestatc“</strong></span> <span class='ocrx_word' id='word_1_133' title='bbox 374 2192 423 2238; x_wconf 84' lang='lat' dir='ltr'><strong>etc.</strong></span> <span class='ocrx_word' id='word_1_134' title='bbox 443 2182 477 2238; x_wconf 86' lang='lat' dir='ltr'><strong>de</strong></span> <span class='ocrx_word' id='word_1_135' title='bbox 496 2182 637 2240; x_wconf 82' lang='lat' dir='ltr'><strong>Phalaride</strong></span> <span class='ocrx_word' id='word_1_136' title='bbox 656 2183 762 2252; x_wconf 87' lang='lat' dir='ltr'><strong>Siculo,</strong></span> <span class='ocrx_word' id='word_1_137' title='bbox 784 2185 831 2261; x_wconf 93' lang='lat' dir='ltr'><strong>qui</strong></span> <span class='ocrx_word' id='word_1_138' title='bbox 849 2185 961 2260; x_wconf 82' lang='lat' dir='ltr'><strong>Astyagi</strong></span> <span class='ocrx_word' id='word_1_139' title='bbox 979 2186 1092 2241; x_wconf 91' lang='lat' dir='ltr'><strong>subacto</strong></span> <span class='ocrx_word' id='word_1_140' title='bbox 1109 2185 1167 2243; x_wconf 87' lang='lat' dir='ltr'><strong>lere</strong></span> <span class='ocrx_word' id='word_1_141' title='bbox 1185 2207 1276 2265; x_wconf 85' lang='lat' dir='ltr'><strong>aequa·</strong></span> 
     </span>
     <span class='ocr_line' id='line_1_20' title="bbox 172 2268 1277 2350; baseline 0.005 -24"><span class='ocrx_word' id='word_1_142' title='bbox 172 2270 217 2338; x_wconf 89' lang='lat' dir='ltr'><strong>lis,</strong></span> <span class='ocrx_word' id='word_1_143' title='bbox 235 2289 286 2325; x_wconf 89' lang='lat' dir='ltr'><strong>nec</strong></span> <span class='ocrx_word' id='word_1_144' title='bbox 304 2268 389 2325; x_wconf 91' lang='lat' dir='ltr'><strong>multo</strong></span> <span class='ocrx_word' id='word_1_145' title='bbox 407 2278 472 2345; x_wconf 89' lang='lat' dir='ltr'><strong>post</strong></span> <span class='ocrx_word' id='word_1_146' title='bbox 488 2270 643 2327; x_wconf 82' lang='lat' dir='ltr'><strong>Aremulum</strong></span> <span class='ocrx_word' id='word_1_147' title='bbox 661 2274 783 2348; x_wconf 89' lang='lat' dir='ltr'><strong>ponitur;</strong></span> <span class='ocrx_word' id='word_1_148' title='bbox 803 2273 922 2348; x_wconf 90' lang='lat' dir='ltr'><strong>quamvis</strong></span> <span class='ocrx_word' id='word_1_149' title='bbox 940 2272 964 2325; x_wconf 90' lang='lat' dir='ltr'><strong>is</strong></span> <span class='ocrx_word' id='word_1_150' title='bbox 983 2269 1058 2326; x_wconf 90' lang='lat' dir='ltr'><strong>illum</strong></span> <span class='ocrx_word' id='word_1_151' title='bbox 1077 2292 1118 2350; x_wconf 87' lang='lat' dir='ltr'><strong>ap.</strong></span> <span class='ocrx_word' id='word_1_152' title='bbox 1131 2274 1277 2330; x_wconf 87' lang='lat' dir='ltr'><strong>Eusebium</strong></span> 
     </span>
     <span class='ocr_line' id='line_1_21' title="bbox 173 2353 1277 2434; baseline 0.005 -22"><span class='ocrx_word' id='word_1_153' title='bbox 173 2355 278 2412; x_wconf 91' lang='lat' dir='ltr'><strong>duobus</strong></span> <span class='ocrx_word' id='word_1_154' title='bbox 297 2353 412 2410; x_wconf 88' lang='lat' dir='ltr'><strong>saeculis</strong></span> <span class='ocrx_word' id='word_1_155' title='bbox 431 2354 570 2411; x_wconf 85' lang='lat' dir='ltr'><strong>antecedat</strong></span> <span class='ocrx_word' id='word_1_156' title='bbox 589 2365 615 2412; x_wconf 89' lang='lat' dir='ltr'><strong>et</strong></span> <span class='ocrx_word' id='word_1_157' title='bbox 628 2357 762 2434; x_wconf 83' lang='lat' dir='ltr'><strong>Astyages</strong></span> <span class='ocrx_word' id='word_1_158' title='bbox 781 2361 868 2414; x_wconf 92' lang='lat' dir='ltr'><strong>victus</strong></span> <span class='ocrx_word' id='word_1_159' title='bbox 888 2368 915 2413; x_wconf 89' lang='lat' dir='ltr'><strong>et</strong></span> <span class='ocrx_word' id='word_1_160' title='bbox 926 2356 1047 2413; x_wconf 88' lang='lat' dir='ltr'><strong>Phalaris</strong></span> <span class='ocrx_word' id='word_1_161' title='bbox 1065 2359 1174 2416; x_wconf 83' lang='lat' dir='ltr'><strong>saeculo</strong></span> <span class='ocrx_word' id='word_1_162' title='bbox 1193 2360 1277 2417; x_wconf 84' lang='lat' dir='ltr'><strong>adhuc</strong></span> 
     </span>
     <span class='ocr_line' id='line_1_22' title="bbox 173 2440 1277 2520; baseline 0.004 -23"><span class='ocrx_word' id='word_1_163' title='bbox 173 2441 283 2497; x_wconf 89' lang='lat' dir='ltr'><strong>distent.</strong></span> <span class='ocrx_word' id='word_1_164' title='bbox 323 2440 426 2498; x_wconf 87' lang='lat' dir='ltr'><strong>Vitium</strong></span> <span class='ocrx_word' id='word_1_165' title='bbox 445 2442 577 2497; x_wconf 90' lang='lat' dir='ltr'><strong>commisit</strong></span> <span class='ocrx_word' id='word_1_166' title='bbox 596 2441 690 2512; x_wconf 82' lang='lat' dir='ltr'><strong>Oros,</strong></span> <span class='ocrx_word' id='word_1_167' title='bbox 716 2464 797 2520; x_wconf 85' lang='lat' dir='ltr'><strong>quum</strong></span> <span class='ocrx_word' id='word_1_168' title='bbox 815 2443 848 2498; x_wconf 88' lang='lat' dir='ltr'><strong>ab</strong></span> <span class='ocrx_word' id='word_1_169' title='bbox 867 2442 952 2500; x_wconf 86' lang='lat' dir='ltr'><strong>altero</strong></span> <span class='ocrx_word' id='word_1_170' title='bbox 970 2442 1004 2498; x_wconf 91' lang='lat' dir='ltr'><strong>ad</strong></span> <span class='ocrx_word' id='word_1_171' title='bbox 1021 2443 1134 2502; x_wconf 88' lang='lat' dir='ltr'><strong>alterum</strong></span> <span class='ocrx_word' id='word_1_172' title='bbox 1152 2448 1277 2504; x_wconf 84' lang='lat' dir='ltr'><strong>transiret</strong></span> 
     </span>
     <span class='ocr_line' id='line_1_23' title="bbox 173 2527 281 2583; baseline 0 -1"><span class='ocrx_word' id='word_1_173' title='bbox 173 2527 281 2583; x_wconf 82' lang='lat' dir='ltr'><strong>iontem.</strong></span> 
     </span>
    </p>

    <p class='ocr_par' dir='ltr' id='par_1_6' title="bbox 172 2613 1278 3635">
     <span class='ocr_line' id='line_1_24' title="bbox 243 2613 1277 2693; baseline 0.009 -25"><span class='ocrx_word' id='word_1_174' title='bbox 243 2613 296 2682; x_wconf 75' lang='lat'><strong>54)</strong></span> <span class='ocrx_word' id='word_1_175' title='bbox 321 2613 397 2670; x_wconf 83' lang='lat' dir='ltr'><strong>Aliae</strong></span> <span class='ocrx_word' id='word_1_176' title='bbox 419 2622 569 2693; x_wconf 89' lang='lat' dir='ltr'><strong>temporum</strong></span> <span class='ocrx_word' id='word_1_177' title='bbox 592 2614 762 2672; x_wconf 84' lang='lat' dir='ltr'><strong>definitiones</strong></span> <span class='ocrx_word' id='word_1_178' title='bbox 786 2615 924 2671; x_wconf 86' lang='lat' dir='ltr'><strong>absolutae</strong></span> <span class='ocrx_word' id='word_1_179' title='bbox 947 2635 1001 2671; x_wconf 90' lang='lat' dir='ltr'><strong>non</strong></span> <span class='ocrx_word' id='word_1_180' title='bbox 1024 2618 1211 2688; x_wconf 90' lang='lat' dir='ltr'><strong>inveniuntur,</strong></span> <span class='ocrx_word' id='word_1_181' title='bbox 1238 2641 1277 2677; x_wconf 86' lang='lat' dir='ltr'><strong>ex·</strong></span> 
     </span>
     <span class='ocr_line' id='line_1_25' title="bbox 174 2700 1277 2783; baseline 0.008 -29"><span class='ocrx_word' id='word_1_182' title='bbox 174 2700 260 2776; x_wconf 88' lang='lat' dir='ltr'><strong>ceptis</strong></span> <span class='ocrx_word' id='word_1_183' title='bbox 284 2709 398 2776; x_wconf 88' lang='lat' dir='ltr'><strong>quatuor</strong></span> <span class='ocrx_word' id='word_1_184' title='bbox 415 2700 483 2756; x_wconf 88' lang='lat' dir='ltr'><strong>locis</strong></span> <span class='ocrx_word' id='word_1_185' title='bbox 503 2700 553 2769; x_wconf 90' lang='lat' dir='ltr'><strong>(ll,</strong></span> <span class='ocrx_word' id='word_1_186' title='bbox 570 2704 596 2757; x_wconf 75' lang='grc'><strong>4.</strong></span> <span class='ocrx_word' id='word_1_187' title='bbox 612 2704 630 2758; x_wconf 90' lang='grc'><strong>8</strong></span> <span class='ocrx_word' id='word_1_188' title='bbox 647 2711 674 2757; x_wconf 86' lang='lat' dir='ltr'><strong>et</strong></span> <span class='ocrx_word' id='word_1_189' title='bbox 692 2705 725 2756; x_wconf 87' lang='lat'><strong>13</strong></span> <span class='ocrx_word' id='word_1_190' title='bbox 741 2703 815 2770; x_wconf 82' lang='lat' dir='ltr'><strong>bis),</strong></span> <span class='ocrx_word' id='word_1_191' title='bbox 833 2704 861 2756; x_wconf 90' lang='lat' dir='ltr'><strong>in</strong></span> <span class='ocrx_word' id='word_1_192' title='bbox 880 2702 976 2777; x_wconf 90' lang='lat' dir='ltr'><strong>quibus</strong></span> <span class='ocrx_word' id='word_1_193' title='bbox 995 2702 1186 2783; x_wconf 83' lang='lat' dir='ltr'><strong>Olympiades,</strong></span> <span class='ocrx_word' id='word_1_194' title='bbox 1211 2727 1277 2763; x_wconf 85' lang='lat' dir='ltr'><strong>anno</strong></span> 
     </span>
     <span class='ocr_line' id='line_1_26' title="bbox 173 2786 1278 2866; baseline 0.007 -26"><span class='ocrx_word' id='word_1_195' title='bbox 173 2795 261 2842; x_wconf 88' lang='lat' dir='ltr'><strong>autem</strong></span> <span class='ocrx_word' id='word_1_196' title='bbox 280 2806 369 2843; x_wconf 87' lang='lat' dir='ltr'><strong>earum</strong></span> <span class='ocrx_word' id='word_1_197' title='bbox 387 2786 540 2862; x_wconf 90' lang='lat' dir='ltr'><strong>ubicunque</strong></span> <span class='ocrx_word' id='word_1_198' title='bbox 558 2789 667 2855; x_wconf 90' lang='lat' dir='ltr'><strong>omisso,</strong></span> <span class='ocrx_word' id='word_1_199' title='bbox 687 2790 763 2843; x_wconf 86' lang='lat' dir='ltr'><strong>annis</strong></span> <span class='ocrx_word' id='word_1_200' title='bbox 783 2798 846 2865; x_wconf 89' lang='lat' dir='ltr'><strong>post</strong></span> <span class='ocrx_word' id='word_1_201' title='bbox 863 2787 971 2843; x_wconf 86' lang='lat' dir='ltr'><strong>Troiam</strong></span> <span class='ocrx_word' id='word_1_202' title='bbox 989 2799 1091 2866; x_wconf 89' lang='lat' dir='ltr'><strong>captam</strong></span> <span class='ocrx_word' id='word_1_203' title='bbox 1110 2801 1138 2847; x_wconf 87' lang='lat' dir='ltr'><strong>et</strong></span> <span class='ocrx_word' id='word_1_204' title='bbox 1156 2803 1222 2866; x_wconf 90' lang='lat' dir='ltr'><strong>post</strong></span> <span class='ocrx_word' id='word_1_205' title='bbox 1238 2814 1278 2849; x_wconf 91' lang='lat' dir='ltr'><strong>ur·</strong></span> 
     </span>
     <span class='ocr_line' id='line_1_27' title="bbox 172 2871 1278 2955; baseline 0.009 -28"><span class='ocrx_word' id='word_1_206' title='bbox 172 2872 233 2927; x_wconf 91' lang='lat' dir='ltr'><strong>bem</strong></span> <span class='ocrx_word' id='word_1_207' title='bbox 251 2871 358 2928; x_wconf 86' lang='lat' dir='ltr'><strong>additae</strong></span> <span class='ocrx_word' id='word_1_208' title='bbox 377 2882 492 2939; x_wconf 84' lang='lat' dir='ltr'><strong>exstant;</strong></span> <span class='ocrx_word' id='word_1_209' title='bbox 511 2893 599 2928; x_wconf 86' lang='lat' dir='ltr'><strong>merae</strong></span> <span class='ocrx_word' id='word_1_210' title='bbox 619 2883 712 2948; x_wconf 89' lang='lat' dir='ltr'><strong>quarto</strong></span> <span class='ocrx_word' id='word_1_211' title='bbox 731 2882 834 2928; x_wconf 89' lang='lat' dir='ltr'><strong>tantum</strong></span> <span class='ocrx_word' id='word_1_212' title='bbox 848 2876 876 2928; x_wconf 90' lang='lat' dir='ltr'><strong>in</strong></span> <span class='ocrx_word' id='word_1_213' title='bbox 888 2873 949 2930; x_wconf 90' lang='lat' dir='ltr'><strong>loco</strong></span> <span class='ocrx_word' id='word_1_214' title='bbox 969 2877 1010 2951; x_wconf 90' lang='lat' dir='ltr'><strong>(p.</strong></span> <span class='ocrx_word' id='word_1_215' title='bbox 1023 2876 1095 2944; x_wconf 77' lang='lat'><strong>122.)</strong></span> <span class='ocrx_word' id='word_1_216' title='bbox 1140 2877 1278 2955; x_wconf 90' lang='lat' dir='ltr'><strong>Nusquam</strong></span> 
     </span>
     <span class='ocr_line' id='line_1_28' title="bbox 173 2956 1276 3044; baseline 0.008 -32"><span class='ocrx_word' id='word_1_217' title='bbox 173 2967 260 3012; x_wconf 88' lang='lat' dir='ltr'><strong>autem</strong></span> <span class='ocrx_word' id='word_1_218' title='bbox 282 2956 428 3013; x_wconf 86' lang='lat' dir='ltr'><strong>secundum</strong></span> <span class='ocrx_word' id='word_1_219' title='bbox 452 2978 535 3013; x_wconf 86' lang='lat' dir='ltr'><strong>annos</strong></span> <span class='ocrx_word' id='word_1_220' title='bbox 560 2957 653 3013; x_wconf 89' lang='lat' dir='ltr'><strong>mundi</strong></span> <span class='ocrx_word' id='word_1_221' title='bbox 673 2968 803 3035; x_wconf 89' lang='lat' dir='ltr'><strong>supputat</strong></span> <span class='ocrx_word' id='word_1_222' title='bbox 821 2957 945 3016; x_wconf 89' lang='lat' dir='ltr'><strong>Orosius.</strong></span> <span class='ocrx_word' id='word_1_223' title='bbox 982 2961 1053 3017; x_wconf 85' lang='lat' dir='ltr'><strong>Sane</strong></span> <span class='ocrx_word' id='word_1_224' title='bbox 1070 2962 1117 3018; x_wconf 91' lang='lat' dir='ltr'><strong>lib.</strong></span> <span class='ocrx_word' id='word_1_225' title='bbox 1131 2964 1152 3031; x_wconf 92' lang='lat' dir='ltr'><strong>l,</strong></span> <span class='ocrx_word' id='word_1_226' title='bbox 1172 2969 1195 3021; x_wconf 94' lang='lat' dir='ltr'><strong>l.</strong></span> <span class='ocrx_word' id='word_1_227' title='bbox 1215 2987 1241 3044; x_wconf 88' lang='lat' dir='ltr'><strong>p.</strong></span> <span class='ocrx_word' id='word_1_228' title='bbox 1255 2971 1276 3022; x_wconf 80' lang='lat' dir='ltr'><strong>i.</strong></span> 
     </span>
     <span class='ocr_line' id='line_1_29' title="bbox 174 3040 1277 3129; baseline 0.011 -33"><span class='ocrx_word' id='word_1_229' title='bbox 174 3050 201 3096; x_wconf 87' lang='lat' dir='ltr'><strong>et</strong></span> <span class='ocrx_word' id='word_1_230' title='bbox 218 3043 247 3096; x_wconf 88' lang='lat' dir='ltr'><strong>in</strong></span> <span class='ocrx_word' id='word_1_231' title='bbox 265 3040 319 3097; x_wconf 84' lang='lat' dir='ltr'><strong>fine</strong></span> <span class='ocrx_word' id='word_1_232' title='bbox 335 3043 471 3100; x_wconf 87' lang='lat' dir='ltr'><strong>historiar.</strong></span> <span class='ocrx_word' id='word_1_233' title='bbox 490 3065 516 3120; x_wconf 88' lang='lat' dir='ltr'><strong>p.</strong></span> <span class='ocrx_word' id='word_1_234' title='bbox 528 3047 587 3099; x_wconf 79' lang='lat'><strong>587.</strong></span> <span class='ocrx_word' id='word_1_235' title='bbox 606 3054 779 3099; x_wconf 86' lang='lat' dir='ltr'><strong>numerantur</strong></span> <span class='ocrx_word' id='word_1_236' title='bbox 796 3046 858 3100; x_wconf 89' lang='lat' dir='ltr'><strong>anni</strong></span> <span class='ocrx_word' id='word_1_237' title='bbox 876 3047 908 3101; x_wconf 89' lang='lat' dir='ltr'><strong>ab</strong></span> <span class='ocrx_word' id='word_1_238' title='bbox 921 3046 1007 3102; x_wconf 85' lang='lat' dir='ltr'><strong>Adam</strong></span> <span class='ocrx_word' id='word_1_239' title='bbox 1026 3047 1059 3103; x_wconf 88' lang='lat' dir='ltr'><strong>ad</strong></span> <span class='ocrx_word' id='word_1_240' title='bbox 1072 3048 1170 3106; x_wconf 89' lang='lat' dir='ltr'><strong>Ninum</strong></span> <span class='ocrx_word' id='word_1_241' title='bbox 1185 3072 1277 3129; x_wconf 90' lang='lat' dir='ltr'><strong>usque,</strong></span> 
     </span>
     <span class='ocr_line' id='line_1_30' title="bbox 173 3127 1277 3214; baseline 0.011 -32"><span class='ocrx_word' id='word_1_242' title='bbox 173 3137 253 3203; x_wconf 85' lang='lat' dir='ltr'><strong>atque</strong></span> <span class='ocrx_word' id='word_1_243' title='bbox 276 3128 309 3183; x_wconf 87' lang='lat' dir='ltr'><strong>ab</strong></span> <span class='ocrx_word' id='word_1_244' title='bbox 331 3129 385 3186; x_wconf 88' lang='lat' dir='ltr'><strong>hoc</strong></span> <span class='ocrx_word' id='word_1_245' title='bbox 402 3150 487 3206; x_wconf 89' lang='lat' dir='ltr'><strong>usque</strong></span> <span class='ocrx_word' id='word_1_246' title='bbox 505 3129 539 3185; x_wconf 89' lang='lat' dir='ltr'><strong>ad</strong></span> <span class='ocrx_word' id='word_1_247' title='bbox 558 3127 663 3184; x_wconf 88' lang='lat' dir='ltr'><strong>Christi</strong></span> <span class='ocrx_word' id='word_1_248' title='bbox 682 3133 859 3199; x_wconf 83' lang='lat' dir='ltr'><strong>nativitatem,</strong></span> <span class='ocrx_word' id='word_1_249' title='bbox 883 3142 910 3188; x_wconf 87' lang='lat' dir='ltr'><strong>et</strong></span> <span class='ocrx_word' id='word_1_250' title='bbox 929 3155 942 3189; x_wconf 89' lang='lat' dir='ltr'><strong>a</strong></span> <span class='ocrx_word' id='word_1_251' title='bbox 961 3137 1047 3212; x_wconf 91' lang='lat' dir='ltr'><strong>primo</strong></span> <span class='ocrx_word' id='word_1_252' title='bbox 1066 3135 1175 3193; x_wconf 89' lang='lat' dir='ltr'><strong>homine</strong></span> <span class='ocrx_word' id='word_1_253' title='bbox 1194 3159 1277 3214; x_wconf 90' lang='lat' dir='ltr'><strong>usque</strong></span> 
     </span>
     <span class='ocr_line' id='line_1_31' title="bbox 173 3212 1277 3294; baseline 0.011 -26"><span class='ocrx_word' id='word_1_254' title='bbox 173 3212 208 3275; x_wconf 77' lang='lat' dir='ltr'><strong>ad</strong></span> <span class='ocrx_word' id='word_1_255' title='bbox 227 3212 320 3271; x_wconf 89' lang='lat' dir='ltr'><strong>Orosii</strong></span> <span class='ocrx_word' id='word_1_256' title='bbox 342 3218 428 3293; x_wconf 89' lang='lat' dir='ltr'><strong>ipsius</strong></span> <span class='ocrx_word' id='word_1_257' title='bbox 450 3226 585 3294; x_wconf 85' lang='lat' dir='ltr'><strong>tempora,</strong></span> <span class='ocrx_word' id='word_1_258' title='bbox 608 3237 639 3271; x_wconf 87' lang='lat' dir='ltr'><strong>ac</strong></span> <span class='ocrx_word' id='word_1_259' title='bbox 662 3219 748 3292; x_wconf 86' lang='lat' dir='ltr'><strong>primo</strong></span> <span class='ocrx_word' id='word_1_260' title='bbox 772 3219 800 3273; x_wconf 92' lang='lat' dir='ltr'><strong>in</strong></span> <span class='ocrx_word' id='word_1_261' title='bbox 823 3217 883 3274; x_wconf 89' lang='lat' dir='ltr'><strong>loco</strong></span> <span class='ocrx_word' id='word_1_262' title='bbox 907 3223 1106 3277; x_wconf 84' lang='lat' dir='ltr'><strong>accuratissime</strong></span> <span class='ocrx_word' id='word_1_263' title='bbox 1125 3243 1157 3280; x_wconf 85' lang='lat' dir='ltr'><strong>ex</strong></span> <span class='ocrx_word' id='word_1_264' title='bbox 1174 3228 1277 3281; x_wconf 85' lang='lat' dir='ltr'><strong>ratione</strong></span> 
     </span>
     <span class='ocr_line' id='line_1_32' title="bbox 173 3296 1275 3382; baseline 0.012 -29"><span class='ocrx_word' id='word_1_265' title='bbox 173 3296 250 3353; x_wconf 90' lang='lat' dir='ltr'><strong>LXX</strong></span> <span class='ocrx_word' id='word_1_266' title='bbox 272 3302 448 3376; x_wconf 86' lang='lat' dir='ltr'><strong>interpretum</strong></span> <span class='ocrx_word' id='word_1_267' title='bbox 470 3301 520 3370; x_wconf 85' lang='lat' dir='ltr'><strong>(cl.</strong></span> <span class='ocrx_word' id='word_1_268' title='bbox 545 3300 644 3356; x_wconf 87' lang='lat' dir='ltr'><strong>Euseb.</strong></span> <span class='ocrx_word' id='word_1_269' title='bbox 668 3301 759 3358; x_wconf 88' lang='lat' dir='ltr'><strong>chron.</strong></span> <span class='ocrx_word' id='word_1_270' title='bbox 781 3307 858 3380; x_wconf 90' lang='lat' dir='ltr'><strong>prim.</strong></span> <span class='ocrx_word' id='word_1_271' title='bbox 881 3327 907 3382; x_wconf 90' lang='lat' dir='ltr'><strong>p.</strong></span> <span class='ocrx_word' id='word_1_272' title='bbox 928 3306 968 3364; x_wconf 81' lang='lat' dir='ltr'><strong>ed</strong></span> <span class='ocrx_word' id='word_1_273' title='bbox 987 3307 1019 3363; x_wconf 84' lang='lat' dir='ltr'><strong>A.</strong></span> <span class='ocrx_word' id='word_1_274' title='bbox 1039 3306 1090 3364; x_wconf 85' lang='lat' dir='ltr'><strong>lllai</strong></span> <span class='ocrx_word' id='word_1_275' title='bbox 1114 3319 1143 3364; x_wconf 92' lang='lat' dir='ltr'><strong>et</strong></span> <span class='ocrx_word' id='word_1_276' title='bbox 1165 3311 1275 3368; x_wconf 89' lang='lat' dir='ltr'><strong>Zohrab.</strong></span> 
     </span>
     <span class='ocr_line' id='line_1_33' title="bbox 173 3385 1275 3466; baseline 0.017 -31"><span class='ocrx_word' id='word_1_277' title='bbox 173 3404 200 3459; x_wconf 89' lang='lat' dir='ltr'><strong>p.</strong></span> <span class='ocrx_word' id='word_1_278' title='bbox 212 3386 245 3436; x_wconf 77' lang='lat'><strong>52</strong></span> <span class='ocrx_word' id='word_1_279' title='bbox 258 3404 317 3460; x_wconf 89' lang='lat' dir='ltr'><strong>sqq.</strong></span> <span class='ocrx_word' id='word_1_280' title='bbox 337 3395 364 3440; x_wconf 88' lang='lat' dir='ltr'><strong>et</strong></span> <span class='ocrx_word' id='word_1_281' title='bbox 382 3389 415 3442; x_wconf 86' lang='grc'><strong>67</strong></span> <span class='ocrx_word' id='word_1_282' title='bbox 429 3388 515 3462; x_wconf 87' lang='lat' dir='ltr'><strong>sqq.);</strong></span> <span class='ocrx_word' id='word_1_283' title='bbox 538 3385 587 3441; x_wconf 89' lang='lat' dir='ltr'><strong>sed</strong></span> <span class='ocrx_word' id='word_1_284' title='bbox 605 3385 676 3443; x_wconf 89' lang='lat' dir='ltr'><strong>buno</strong></span> <span class='ocrx_word' id='word_1_285' title='bbox 694 3390 865 3466; x_wconf 90' lang='lat' dir='ltr'><strong>computandi</strong></span> <span class='ocrx_word' id='word_1_286' title='bbox 882 3391 998 3459; x_wconf 90' lang='lat' dir='ltr'><strong>modum,</strong></span> <span class='ocrx_word' id='word_1_287' title='bbox 1016 3396 1052 3448; x_wconf 91' lang='lat' dir='ltr'><strong>ita</strong></span> <span class='ocrx_word' id='word_1_288' title='bbox 1071 3405 1101 3450; x_wconf 91' lang='lat' dir='ltr'><strong>ut</strong></span> <span class='ocrx_word' id='word_1_289' title='bbox 1119 3416 1173 3458; x_wconf 87' lang='lat' dir='ltr'><strong>sec.</strong></span> <span class='ocrx_word' id='word_1_290' title='bbox 1194 3417 1275 3454; x_wconf 87' lang='lat' dir='ltr'><strong>annos</strong></span> 
     </span>
     <span class='ocr_line' id='line_1_34' title="bbox 172 3468 1273 3556; baseline 0.014 -32"><span class='ocrx_word' id='word_1_291' title='bbox 172 3468 265 3524; x_wconf 91' lang='lat' dir='ltr'><strong>mundi</strong></span> <span class='ocrx_word' id='word_1_292' title='bbox 288 3491 331 3526; x_wconf 85' lang='lat' dir='ltr'><strong>res</strong></span> <span class='ocrx_word' id='word_1_293' title='bbox 354 3480 443 3546; x_wconf 84' lang='lat' dir='ltr'><strong>gestas</strong></span> <span class='ocrx_word' id='word_1_294' title='bbox 467 3480 494 3526; x_wconf 94' lang='lat' dir='ltr'><strong>et</strong></span> <span class='ocrx_word' id='word_1_295' title='bbox 516 3471 585 3526; x_wconf 86' lang='lat' dir='ltr'><strong>facta</strong></span> <span class='ocrx_word' id='word_1_296' title='bbox 609 3470 759 3549; x_wconf 79' lang='lat' dir='ltr'><strong>dispescat,</strong></span> <span class='ocrx_word' id='word_1_297' title='bbox 783 3497 913 3552; x_wconf 87' lang='lat' dir='ltr'><strong>nusquam</strong></span> <span class='ocrx_word' id='word_1_298' title='bbox 935 3477 1000 3534; x_wconf 90' lang='lat' dir='ltr'><strong>alibi</strong></span> <span class='ocrx_word' id='word_1_299' title='bbox 1022 3483 1147 3556; x_wconf 85' lang='lat' dir='ltr'><strong>sequitur</strong></span> <span class='ocrx_word' id='word_1_300' title='bbox 1169 3482 1273 3541; x_wconf 88' lang='lat' dir='ltr'><strong>Noster.</strong></span> 
     </span>
     <span class='ocr_line' id='line_1_35' title="bbox 173 3552 1273 3635; baseline 0.018 -27"><span class='ocrx_word' id='word_1_301' title='bbox 173 3552 287 3610; x_wconf 84' lang='lat' dir='ltr'><strong>Fallitur</strong></span> <span class='ocrx_word' id='word_1_302' title='bbox 303 3558 384 3630; x_wconf 84' lang='lat' dir='ltr'><strong>igitur</strong></span> <span class='ocrx_word' id='word_1_303' title='bbox 397 3554 493 3631; x_wconf 79' lang='lat' dir='ltr'><strong>Pagius</strong></span> <span class='ocrx_word' id='word_1_304' title='bbox 510 3575 679 3635; x_wconf 82' lang='lat' dir='ltr'><strong>magnopere,</strong></span> <span class='ocrx_word' id='word_1_305' title='bbox 697 3563 722 3616; x_wconf 92' lang='lat' dir='ltr'><strong>si</strong></span> <span class='ocrx_word' id='word_1_306' title='bbox 739 3562 840 3633; x_wconf 80' lang='lat' dir='ltr'><strong>(critic.</strong></span> <span class='ocrx_word' id='word_1_307' title='bbox 857 3566 884 3619; x_wconf 90' lang='lat' dir='ltr'><strong>iu</strong></span> <span class='ocrx_word' id='word_1_308' title='bbox 899 3585 959 3620; x_wconf 87' lang='lat' dir='ltr'><strong>ann.</strong></span> <span class='ocrx_word' id='word_1_309' title='bbox 972 3565 1068 3622; x_wconf 81' lang='lat' dir='ltr'><strong>Batou.</strong></span> <span class='ocrx_word' id='word_1_310' title='bbox 1083 3589 1103 3623; x_wconf 89' lang='lat' dir='ltr'><strong>a.</strong></span> <span class='ocrx_word' id='word_1_311' title='bbox 1119 3573 1181 3628; x_wconf 78' lang='lat'><strong>417.</strong></span> <span class='ocrx_word' id='word_1_312' title='bbox 1202 3571 1273 3627; x_wconf 79' lang='lat' dir='ltr'><strong>&#39;Pom</strong></span> 
     </span>
    </p>
   </div>
   <div class='ocr_carea' id='block_1_4' title="bbox 170 3638 1273 4152">
    <p class='ocr_par' dir='ltr' id='par_1_7' title="bbox 170 3638 1273 4152">
     <span class='ocr_line' id='line_1_36' title="bbox 174 3638 1272 3728; baseline 0.017 -35"><span class='ocrx_word' id='word_1_313' title='bbox 174 3638 230 3695; x_wconf 89' lang='lat' dir='ltr'><strong>Vll.</strong></span> <span class='ocrx_word' id='word_1_314' title='bbox 255 3662 282 3718; x_wconf 89' lang='lat' dir='ltr'><strong>p.</strong></span> <span class='ocrx_word' id='word_1_315' title='bbox 298 3645 355 3697; x_wconf 86' lang='lat'><strong>109.</strong></span> <span class='ocrx_word' id='word_1_316' title='bbox 378 3641 493 3710; x_wconf 86' lang='lat' dir='ltr'><strong>XXlll.)</strong></span> <span class='ocrx_word' id='word_1_317' title='bbox 517 3640 645 3699; x_wconf 88' lang='lat' dir='ltr'><strong>Orosium</strong></span> <span class='ocrx_word' id='word_1_318' title='bbox 667 3645 765 3703; x_wconf 91' lang='lat' dir='ltr'><strong>librum</strong></span> <span class='ocrx_word' id='word_1_319' title='bbox 788 3670 865 3705; x_wconf 90' lang='lat' dir='ltr'><strong>suum</strong></span> <span class='ocrx_word' id='word_1_320' title='bbox 887 3651 916 3704; x_wconf 90' lang='lat' dir='ltr'><strong>iu</strong></span> <span class='ocrx_word' id='word_1_321' title='bbox 933 3649 1061 3728; x_wconf 86' lang='lat' dir='ltr'><strong>Hispania</strong></span> <span class='ocrx_word' id='word_1_322' title='bbox 1081 3653 1122 3724; x_wconf 85' lang='lat' dir='ltr'><strong>(l)</strong></span> <span class='ocrx_word' id='word_1_323' title='bbox 1144 3677 1272 3724; x_wconf 81' lang='lat' dir='ltr'><strong>exarasse,</strong></span> 
     </span>
     <span class='ocr_line' id='line_1_37' title="bbox 173 3726 1272 3812; baseline 0.019 -34"><span class='ocrx_word' id='word_1_324' title='bbox 173 3726 255 3798; x_wconf 88' lang='lat' dir='ltr'><strong>inque</strong></span> <span class='ocrx_word' id='word_1_325' title='bbox 274 3746 305 3781; x_wconf 89' lang='lat' dir='ltr'><strong>eo</strong></span> <span class='ocrx_word' id='word_1_326' title='bbox 324 3746 407 3793; x_wconf 89' lang='lat' dir='ltr'><strong>„aera</strong></span> <span class='ocrx_word' id='word_1_327' title='bbox 425 3727 517 3782; x_wconf 91' lang='lat' dir='ltr'><strong>muudi</strong></span> <span class='ocrx_word' id='word_1_328' title='bbox 535 3730 681 3788; x_wconf 88' lang='lat' dir='ltr'><strong>secundum</strong></span> <span class='ocrx_word' id='word_1_329' title='bbox 696 3733 772 3791; x_wconf 89' lang='lat' dir='ltr'><strong>LXX</strong></span> <span class='ocrx_word' id='word_1_330' title='bbox 789 3737 974 3812; x_wconf 87' lang='lat' dir='ltr'><strong>interpretes“</strong></span> <span class='ocrx_word' id='word_1_331' title='bbox 994 3757 1070 3794; x_wconf 89' lang='lat' dir='ltr'><strong>usum</strong></span> <span class='ocrx_word' id='word_1_332' title='bbox 1088 3761 1150 3797; x_wconf 87' lang='lat' dir='ltr'><strong>esse</strong></span> <span class='ocrx_word' id='word_1_333' title='bbox 1168 3744 1272 3808; x_wconf 79' lang='lat' dir='ltr'><strong>scribit3</strong></span> 
     </span>
     <span class='ocr_line' id='line_1_38' title="bbox 173 3807 1273 3900; baseline 0.016 -36"><span class='ocrx_word' id='word_1_334' title='bbox 173 3807 274 3864; x_wconf 82' lang='lat' dir='ltr'><strong>fallitur</strong></span> <span class='ocrx_word' id='word_1_335' title='bbox 291 3831 382 3887; x_wconf 86' lang='lat' dir='ltr'><strong>porro,</strong></span> <span class='ocrx_word' id='word_1_336' title='bbox 401 3813 424 3867; x_wconf 92' lang='lat' dir='ltr'><strong>si</strong></span> <span class='ocrx_word' id='word_1_337' title='bbox 443 3823 585 3889; x_wconf 87' lang='lat' dir='ltr'><strong>propterea</strong></span> <span class='ocrx_word' id='word_1_338' title='bbox 600 3835 687 3874; x_wconf 88' lang='lat' dir='ltr'><strong>aeram</strong></span> <span class='ocrx_word' id='word_1_339' title='bbox 700 3819 768 3876; x_wconf 90' lang='lat' dir='ltr'><strong>hane</strong></span> <span class='ocrx_word' id='word_1_340' title='bbox 781 3820 926 3900; x_wconf 88' lang='lat' dir='ltr'><strong>Hispaniae</strong></span> <span class='ocrx_word' id='word_1_341' title='bbox 937 3833 1000 3879; x_wconf 93' lang='lat' dir='ltr'><strong>tunc</strong></span> <span class='ocrx_word' id='word_1_342' title='bbox 1013 3825 1183 3900; x_wconf 78' lang='lat' dir='ltr'><strong>vulgarem</strong></span> <span class='ocrx_word' id='word_1_343' title='bbox 1194 3829 1273 3886; x_wconf 86' lang='lat' dir='ltr'><strong>fuisse</strong></span> 
     </span>
     <span class='ocr_line' id='line_1_39' title="bbox 173 3895 1272 3971; baseline 0.021 -24"><span class='ocrx_word' id='word_1_344' title='bbox 173 3895 294 3962; x_wconf 89' lang='lat' dir='ltr'><strong>coniicit,</strong></span> <span class='ocrx_word' id='word_1_345' title='bbox 315 3895 435 3971; x_wconf 87' lang='lat' dir='ltr'><strong>adeoque</strong></span> <span class='ocrx_word' id='word_1_346' title='bbox 453 3901 516 3955; x_wconf 89' lang='lat' dir='ltr'><strong>anni</strong></span> <span class='ocrx_word' id='word_1_347' title='bbox 534 3901 638 3958; x_wconf 90' lang='lat' dir='ltr'><strong>initium</strong></span> <span class='ocrx_word' id='word_1_348' title='bbox 656 3926 732 3960; x_wconf 91' lang='lat' dir='ltr'><strong>aerae</strong></span> <span class='ocrx_word' id='word_1_349' title='bbox 750 3907 869 3964; x_wconf 90' lang='lat' dir='ltr'><strong>eiusdem</strong></span> <span class='ocrx_word' id='word_1_350' title='bbox 887 3911 914 3964; x_wconf 91' lang='lat' dir='ltr'><strong>in</strong></span> <span class='ocrx_word' id='word_1_351' title='bbox 932 3908 991 3964; x_wconf 87' lang='lat' dir='ltr'><strong>Kal.</strong></span> <span class='ocrx_word' id='word_1_352' title='bbox 1010 3909 1145 3968; x_wconf 88' lang='lat' dir='ltr'><strong>lanuarias</strong></span> <span class='ocrx_word' id='word_1_353' title='bbox 1164 3914 1253 3970; x_wconf 87' lang='lat' dir='ltr'><strong>transf</strong></span> <span class='ocrx_word' id='word_1_354' title='bbox 1263 3947 1272 3956; x_wconf 91' lang='lat'>-</span> 
     </span>
     <span class='ocr_line' id='line_1_40' title="bbox 171 3976 1270 4073; baseline 0.019 -41"><span class='ocrx_word' id='word_1_355' title='bbox 171 3976 284 4033; x_wconf 88' lang='lat' dir='ltr'><strong>rendum</strong></span> <span class='ocrx_word' id='word_1_356' title='bbox 301 3982 434 4058; x_wconf 89' lang='lat' dir='ltr'><strong>opinatur,</strong></span> <span class='ocrx_word' id='word_1_357' title='bbox 453 3987 577 4060; x_wconf 91' lang='lat' dir='ltr'><strong>qnoniam</strong></span> <span class='ocrx_word' id='word_1_358' title='bbox 589 3986 701 4066; x_wconf 85' lang='lat' dir='ltr'><strong>Hispani</strong></span> <span class='ocrx_word' id='word_1_359' title='bbox 719 4001 795 4049; x_wconf 91' lang='lat' dir='ltr'><strong>tunc</strong></span> <span class='ocrx_word' id='word_1_360' title='bbox 813 4015 867 4049; x_wconf 90' lang='lat' dir='ltr'><strong>see.</strong></span> <span class='ocrx_word' id='word_1_361' title='bbox 885 4015 971 4049; x_wconf 88' lang='lat' dir='ltr'><strong>aeram</strong></span> <span class='ocrx_word' id='word_1_362' title='bbox 984 3994 1199 4073; x_wconf 88' lang='lat' dir='ltr'><strong>Hispanicam</strong></span> <span class='ocrx_word' id='word_1_363' title='bbox 1217 3997 1270 4055; x_wconf 88' lang='lat' dir='ltr'><strong>Kal.</strong></span> 
     </span>
     <span class='ocr_line' id='line_1_41' title="bbox 170 4066 1269 4152; baseline 0.02 -36"><span class='ocrx_word' id='word_1_364' title='bbox 170 4066 298 4125; x_wconf 88' lang='lat' dir='ltr'><strong>Ianuariis</strong></span> <span class='ocrx_word' id='word_1_365' title='bbox 322 4087 418 4123; x_wconf 89' lang='lat' dir='ltr'><strong>annum</strong></span> <span class='ocrx_word' id='word_1_366' title='bbox 441 4071 579 4131; x_wconf 80' lang='lat' dir='ltr'><strong>iniissent!</strong></span> <span class='ocrx_word' id='word_1_367' title='bbox 616 4074 657 4131; x_wconf 84' lang='lat' dir='ltr'><strong>Cf.</strong></span> <span class='ocrx_word' id='word_1_368' title='bbox 683 4076 756 4152; x_wconf 92' lang='lat' dir='ltr'><strong>quod</strong></span> <span class='ocrx_word' id='word_1_369' title='bbox 778 4081 873 4135; x_wconf 85' lang='lat' dir='ltr'><strong>attinet</strong></span> <span class='ocrx_word' id='word_1_370' title='bbox 894 4079 960 4136; x_wconf 90' lang='lat' dir='ltr'><strong>haec</strong></span> <span class='ocrx_word' id='word_1_371' title='bbox 979 4081 1085 4151; x_wconf 87' lang='lat' dir='ltr'><strong>ultima,</strong></span> <span class='ocrx_word' id='word_1_372' title='bbox 1108 4087 1159 4142; x_wconf 90' lang='lat' dir='ltr'><strong>vir.</strong></span> <span class='ocrx_word' id='word_1_373' title='bbox 1177 4085 1269 4142; x_wconf 90' lang='lat' dir='ltr'><strong>illustr.</strong></span> 
     </span>
    </p>
   </div>
   <div class='ocr_carea' id='block_1_5' title="bbox 64 4145 1270 4246">
    <p class='ocr_par' dir='ltr' id='par_1_8' title="bbox 64 4145 1270 4246">
     <span class='ocr_line' id='line_1_42' title="bbox 64 4145 1270 4246; baseline 0.02 -45"><span class='ocrx_word' id='word_1_374' title='bbox 64 4150 67 4155; x_wconf 72' lang='grc'><em>“</em></span> <span class='ocrx_word' id='word_1_375' title='bbox 169 4145 269 4220; x_wconf 89' lang='lat' dir='ltr'><strong>ldeler,</strong></span> <span class='ocrx_word' id='word_1_376' title='bbox 294 4149 424 4211; x_wconf 90' lang='lat' dir='ltr'><strong>Chronol.</strong></span> <span class='ocrx_word' id='word_1_377' title='bbox 436 4155 468 4213; x_wconf 91' lang='lat' dir='ltr'><strong>ll.</strong></span> <span class='ocrx_word' id='word_1_378' title='bbox 487 4178 514 4234; x_wconf 89' lang='lat' dir='ltr'><strong>p.</strong></span> <span class='ocrx_word' id='word_1_379' title='bbox 523 4162 585 4218; x_wconf 76' lang='lat'><strong>423.</strong></span> <span class='ocrx_word' id='word_1_380' title='bbox 622 4160 673 4217; x_wconf 89' lang='lat' dir='ltr'><strong>Sin</strong></span> <span class='ocrx_word' id='word_1_381' title='bbox 695 4173 782 4220; x_wconf 86' lang='lat' dir='ltr'><strong>autem</strong></span> <span class='ocrx_word' id='word_1_382' title='bbox 804 4164 875 4223; x_wconf 89' lang='lat' dir='ltr'><strong>idem</strong></span> <span class='ocrx_word' id='word_1_383' title='bbox 898 4165 1147 4246; x_wconf 75' lang='lat' dir='ltr'><strong>&lt;Hdb.11.p.430.</strong></span> <span class='ocrx_word' id='word_1_384' title='bbox 1174 4170 1270 4228; x_wconf 86' lang='lat' dir='ltr'><strong>Lehrh.</strong></span> 
     </span>
    </p>
   </div>
   <div class='ocr_carea' id='block_1_6' title="bbox 0 0 1333 4764">
    <p class='ocr_par' dir='ltr' id='par_1_9' title="bbox 0 0 1333 4764">
     <span class='ocr_line' id='line_1_43' title="bbox 0 0 1333 4764; baseline 0 0"><span class='ocrx_word' id='word_1_385' title='bbox 0 0 1333 4764; x_wconf 95' lang='lat' dir='ltr'><strong> </strong></span> 
     </span>
    </p>
   </div>
  </div>
 </body>
</html>
