2640 4764
585 205 628 272 85

49 371 160 446 tamen
187 401 238 445 res
267 383 312 443 ita
337 390 399 459 est,
429 392 460 445 et
489 403 530 445 ne
554 384 760 459 coniecturis,
790 383 904 468 quibus
928 406 1008 470 quae
1029 385 1160 471 impedi-

48 495 159 551 mento
185 493 234 548 est
255 484 421 569 periodum
446 484 665 571 explanemus,
694 485 808 550 frustra
832 486 1067 575 indulgeamus,
1093 511 1157 552 rem

48 612 126 655 sane
152 609 223 653 esse
244 589 296 649 vix
319 586 552 652 diiudicandam
575 610 642 657 non
666 587 844 656 diffitemur.
884 593 926 655 At
941 594 1015 655 mihi
1032 591 1157 678 quidem

49 717 131 781 quae
147 714 208 779 pro
227 693 379 777 opinione
395 690 457 770 illa,
481 692 616 756 eundem
635 714 704 756 esse
721 705 881 758 auctorem
898 698 1158 783 cosmographiae

50 808 81 862 et
110 797 266 861 itinerarii
290 795 458 873 Antonini,
486 796 691 882 proferuntur
714 820 828 862 causae
851 799 949 878 idem,
980 799 1062 864 adeo
1085 799 1157 886 plus

46 901 158 967 valere
180 899 329 964 videntur
351 922 444 985 quam
468 922 548 985 qnae
572 908 681 963 contra
706 899 791 964 illam
814 902 978 987 protulere
996 906 1056 966 viri
1072 902 1158 968 docti

47 1005 155 1070 dubia.
193 1001 335 1088 Ideoque
352 1004 511 1081 Orosium,
536 1025 628 1087 quum
653 1002 780 1068 brevem
802 1016 955 1071 terrarum
973 1006 1158 1093 descriptio-

47 1130 122 1175 nem
146 1109 365 1185 neeessariam,
388 1128 468 1192 quae
492 1111 581 1192 operi
605 1128 664 1171 suo
688 1113 951 1193 praemitteretur,
975 1114 1157 1189 censuisset,

47 1212 135 1276 illam
159 1210 291 1289 Aethici,
314 1220 368 1274 aut
390 1213 564 1295 cuicunque
588 1205 778 1275 ¹vindicanda
806 1224 859 1292 est,
883 1215 1157 1302 cosmographiam

48 1313 88 1379 ad
119 1313 251 1378 verbum
279 1317 343 1378 suis
366 1317 537 1377 inseruisse
561 1315 697 1378 historiis
721 1316 833 1395 credo,
863 1318 951 1404 quod
974 1328 1010 1383 ut
1032 1317 1156 1382 credam

49 1415 144 1483 etiam
174 1418 273 1495 hisce,
302 1440 383 1503 quae
414 1416 483 1480 aliis
513 1417 648 1481 fortasse
677 1440 745 1483 non
772 1423 874 1486 minus
904 1419 1085 1508 probabilia
1111 1425 1156 1486 vi-

47 1523 187 1588 deantur
209 1543 422 1586 commoveor.
462 1522 649 1585 Accuratior
672 1526 754 1585 enim
778 1547 847 1587 cum
870 1525 938 1588 aliis
954 1526 1155 1612 geographie,

46 1629 245 1714 potissimum
270 1649 338 1690 cum
361 1627 543 1710 Pomponio
567 1623 653 1688 Mela
678 1625 823 1707 collatio,
853 1630 889 1691 iis
911 1629 1066 1692 Nostrum
1089 1648 1155 1692 non

46 1753 138 1796 usum
162 1751 248 1806 esse,
272 1732 347 1793 satis
370 1751 528 1815 superque
552 1728 759 1806 demonstrat,
791 1753 886 1816 quum
909 1733 977 1796 fere
1001 1741 1156 1819 congruat

46 1836 186 1911 nonnisi,
208 1833 264 1897 ubi
286 1856 337 1897 res
361 1837 428 1918 ipsa
453 1836 557 1919 exigit,
580 1832 678 1896 multa
700 1855 788 1911 vero,
812 1836 845 1897 ni
864 1837 897 1897 in
912 1837 1057 1913 Aethion,
1080 1834 1156 1899 alibi

46 1943 97 2004 vix
121 1935 315 2002 invenienda
340 1941 511 2000 contineat.
556 1938 671 2021 Neque
695 1960 711 2000 a
735 1938 849 2017 Plinio,
873 1959 933 2002 nec
955 1938 1077 2015 Selino,
1101 1959 1155 2001 ne-

46 2065 109 2131 que
133 2041 202 2105 aliis
226 2044 318 2104 etiam
341 2043 555 2126 posteriorum
578 2049 758 2125 temporum
776 2042 992 2128 scriptoribus,
1017 2064 1097 2128 quae
1115 2040 1155 2105 ad

47 2145 143 2210 alium
174 2154 268 2230 atque
296 2143 385 2208 illum
406 2146 519 2208 Nostri
544 2144 664 2208 fontem
688 2143 819 2224 ducant,
848 2146 1099 2231 suppeditantur.
1112 2145 1154 2225 εὖ)

47 2248 176 2336 Quibus
200 2247 321 2312 accedit
336 2249 447 2313 Orosii
469 2248 576 2312 lontes
591 2249 755 2313 tractandi
778 2252 871 2332 ratio,
892 2273 953 2335 qua
975 2249 1028 2315 vel
1051 2271 1154 2312 excer-

46 2357 95 2440 pit
118 2373 184 2430 eos,
207 2355 347 2437 ipsorum
365 2373 440 2414 usus
456 2352 568 2430 verbis,
592 2352 648 2417 ubi
663 2351 802 2440 largiora
817 2353 980 2439 praebent,
1002 2352 1056 2417 vel
1071 2351 1153 2416 adeo

47 2455 206 2534 describit,
229 2455 282 2519 ubi
306 2458 492 2519 concinnam
517 2466 549 2520 et
569 2455 698 2520 brevem
714 2479 818 2521 rernm
835 2461 1048 2521 narrationem
1064 2459 1155 2542 operi

46 2561 214 2628 Orosiane
242 2567 345 2644 aptam
375 2560 523 2623 ollerunt.
576 2560 647 2624 Nec
675 2560 743 2623 fere
774 2559 814 2624 de
837 2583 898 2624 una
923 2560 1096 2645 eademque
1118 2580 1154 2622 re

45 2664 191 2752 pluribus
214 2685 305 2750 quam
328 2683 394 2727 nno
419 2667 517 2727 utitur
539 2663 730 2727 auctoribus.
1005 2653 1016 2675 '

135 2769 201 2832 Iam
226 2769 253 2831 si
276 2766 414 2853 denique
438 2776 553 2831 textum
576 2768 689 2831 Nostri
713 2775 744 2832 et
766 2765 854 2830 illum
878 2766 1055 2845 hethici⁶⁶)
1078 2786 1153 2829 con-

46 2874 191 2951 ferimuS,
220 2893 374 2957 nusquam
402 2892 469 2935 non
500 2872 610 2936 eadem
639 2871 792 2936 habemus
816 2871 929 2949 verba,
958 2870 1152 2955 paucissimis

46 2988 170 3042 tantum
192 2979 225 3040 in
246 2975 328 3041 locis
350 2974 513 3060 paululum
536 2978 709 3051 immutata;
734 2979 848 3040 omissa
870 2995 949 3038 vero
973 2974 1012 3038 ab
1031 2973 1152 3038 Orosio

46 3084 176 3147 nonnisi
205 3102 286 3165 quae
315 3079 403 3143 nihili
433 3079 499 3142 fere
528 3089 615 3156 sunt,
645 3089 681 3142 ut
703 3102 749 3144 ex.
773 3102 818 3168 gr.
843 3102 874 3163 p.
890 3081 943 3142 23.
967 3076 987 3139 l.
1007 3080 1056 3142 17.
1079 3086 1153 3162 post

46 3187 254 3266 „Achaia1n“,
279 3185 400 3247 hethici
423 3206 455 3267 p.
467 3184 520 3245 41.
543 3191 597 3260 „et
620 3184 762 3270 Aegeum
784 3186 908 3257 mare“;
935 3179 987 3244 vel
1010 3202 1041 3263 p.
1052 3180 1097 3242 28
1119 3181 1152 3242 in

45 3291 113 3354 fine
137 3287 384 3353 adumbrationis
399 3288 558 3371 Europae,
580 3286 703 3351 Aethici
727 3285 794 3350 laus
812 3284 922 3349 ltaliae
945 3307 974 3370 p.
988 3285 1030 3348 45
1050 3282 1150 3363 (alia).

46 3393 166 3459 Addita
197 3415 220 3455 a·
243 3393 380 3467 Nostr0,
411 3392 550 3474 quamvis
579 3394 706 3455 maioris
736 3392 886 3453 momenti
915 3387 1017 3464 nulla,
1047 3399 1152 3451 tamen

45 3500 164 3584 passim
195 3494 363 3582 quaedam,
393 3515 527 3579 quorum
557 3497 647 3558 sicuti
679 3505 711 3559 et
739 3503 929 3557 mutatorum
958 3493 1042 3554 hunc
1070 3488 1151 3551 habe

46 3601 194 3666 indicem.
218 3670 225 3690 .

118 3758 198 3813 lnitio
222 3766 249 3811 et
272 3758 299 3811 in
322 3755 377 3810 fine
398 3753 497 3822 libelli,
522 3764 551 3809 ut
572 3774 615 3808 res
634 3754 692 3831 ipsa
711 3754 846 3828 exigebat,
870 3750 999 3828 quaedam
1017 3750 1152 3804 immutata

47 3847 92 3916 (et
113 3842 229 3912 omissa)
249 3841 281 3896 ab
297 3840 406 3896 Oresio.
443 3841 514 3895 Dein
532 3862 557 3917 p.
571 3842 610 3894 lt.
630 3838 646 3894 l.
659 3842 684 3894 5.
709 3840 871 3906 „hracosia,
890 3836 1012 3902 Parthia,
1029 3835 1151 3910 Assyria,

119 4060 172 4130 65)
196 4059 238 4117 Cf.
258 4071 285 4114 et
304 4018 424 4115 Grubitz.
445 4081 492 4116 cm.
509 4027 594 4114 Oros.
614 4063 705 4135 phet
719 4062 742 4113 7.

120 4147 173 4218 66)
196 4145 270 4204 Usus
289 4166 347 4203 sum
365 4149 450 4224 prima
469 4148 500 4202 el.
520 4144 583 4201 edit.
597 4143 714 4201 Simleri.
739 4141 821 4198 Basil.
835 4145 911 4198 1575.
934 4146 972 4198 lt.
997 4138 1151 4212 (etaltera,

49 4256 118 4311 quae
137 4254 188 4291 una
209 4256 230 4291 c.
250 4233 343 4311 Pomp.
361 4232 430 4289 lllela
449 4242 476 4288 et
494 4231 589 4290 Sollno
608 4230 711 4310 prodiit
728 4228 812 4304 bugd.
832 4229 890 4285 Bet.
910 4232 986 4286 1646.
1013 4226 1070 4295 12.)
