2640 4764
629 197 691 265 181

104 375 200 429 mistas
218 371 263 429 vei
281 370 311 428 P.
329 371 480 430 Hor-mistas
498 372 589 444 Oros,
607 373 652 431 vel
671 372 738 429 adeo
756 371 785 432 P.
800 373 835 430 Ο.
847 370 1005 430 Hormisdas
1023 370 1140 431 Mundus
1155 375 1214 433 sivo

103 459 244 516 Mundius!

174 544 224 600 Du
243 543 367 599 Fresnc
391 543 460 599 dom.
480 545 517 602 du
532 542 624 621 Gange
643 545 764 603 Glossar.
788 544 828 602 ed.
847 543 932 601 Paris.
956 546 1048 600 naa:
1076 546 1211 606 Tomlll.

104 629 156 687 col.
169 634 260 686 usu:
279 629 422 687 hormesta.
450 629 527 686 Tom.
540 630 584 688 lv.
604 633 653 690 col.
664 636 757 689 lata:
776 641 899 688 ormesta.
935 630 1011 688 Nihil
1028 635 1099 689 novi.

175 715 431 787 [Blumenbachz
450 719 585 794 antiquitt.
596 718 761 798 epiphanior.
784 718 859 796 Lips.
871 722 949 775 1737.
968 738 994 796 p.
1005 719 1047 774 11.
1066 719 1136 791 (seo.
1148 719 1214 776 Har·

103 803 167 875 les.)
186 823 241 859 non
259 803 337 872 vidi]

174 889 384 968 Havcroamp.
403 889 666 959 Fabriciumlaudat‚
685 892 745 970 ipse
763 889 803 947 de
819 893 955 948 miseria
972 889 1083 948 mundi
1095 890 1214 969 praefert

104 976 228 1032 omnihus
248 974 316 1031 aliis.

174 1061 339 1119 Fuuocius
358 1061 410 1133 (do
421 1083 478 1139 reg.
490 1061 536 1119 lat.
548 1061 612 1139 ling.
625 1073 725 1122 senect.
738 1056 804 1134 etc.)
817 1062 892 1120 alior.
906 1061 1015 1138 collegit
1027 1065 1202 1121 coniecturas.

174 1146 349 1204 Fabricius
372 1148 449 1207 bibli.
473 1148 531 1206 latt.
555 1150 650 1226 (impr.
672 1149 741 1207 med.
766 1160 792 1206 et
815 1148 860 1205 int.
879 1147 924 1205 lat.
948 1149 990 1205 cd.
1008 1148 1114 1220 Manui)
1136 1149 1211 1205 aliur.

103 1237 257 1311 composuit
280 1236 461 1305 coniecturas,
483 1238 556 1293 inter
573 1257 640 1314 quas
663 1257 760 1295 novam
777 1237 880 1292 iuveni:
904 1234 1030 1292 hormla
1047 1256 1083 1283 =
1099 1235 1213 1292 historia

101 1319 240 1377 miscella?

173 1378 589 1485 Hambergcdssuverlttssigc
600 1407 782 1464 Nachrichten
800 1407 865 1478 etc.)
887 1407 965 1464 codd.
978 1406 1132 1465 nonnullor.
1155 1406 1213 1477 „de

103 1495 216 1550 ormesia
235 1492 350 1548 mundi“
369 1505 524 1572 corruptum
543 1499 626 1572 putat
638 1516 671 1550 cx
688 1494 746 1564 „dc
764 1496 872 1550 miseria
889 1493 1014 1550 muudi.“

173 1579 193 1634 l.
212 1577 244 1634 H.
263 1578 400 1636 Withof
419 1578 524 1651 (roiatt.
547 1580 762 1656 Dnisburgens.?
787 1583 865 1636 1762.
886 1599 930 1637 no.
943 1583 978 1634 47
991 1578 1093 1649 -52.)
1118 1600 1212 1637 vocem

102 1666 239 1721 hormesta
263 1665 405 1722 conflatam
427 1676 520 1723 censet
541 1687 556 1722 e
574 1666 602 1722 P.
623 1665 671 1722 Or.
690 1676 791 1723 moesta
809 1665 915 1734 mundi,
937 1665 964 1723 h.
982 1685 1004 1722 c.
1023 1663 1100 1722 Pauli
1118 1667 1212 1724 Orosii

102 1761 205 1808 moesta
223 1750 316 1807 mundi
335 1753 405 1820 (soc.
426 1752 496 1808 Saxo
514 1752 702 1825 onomastic.),
720 1752 749 1809 id
766 1753 840 1830 quod
858 1754 910 1809 iam
927 1751 1067 1810 Frischius
1085 1753 1178 1810 edidit.

190 1877 330 1941 Ubinam
351 1877 475 1941 Iuratus
500 1877 540 1942 ad
555 1878 776 1963 Symmachum
800 1877 841 1943 dc
863 1877 1022 1941 hormesta
1046 1878 1122 1964 quid
1137 1900 1211 1965 pro-

103 1980 228 2058 diderit,
249 2001 318 2044 non
339 1979 407 2044 vidi
430 1981 589 2067 equidem3
612 1985 646 2046 in
669 1992 876 2069 conspectum
897 2003 1001 2046 mcum
1024 1980 1120 2068 plane
1143 2004 1212 2047 non

102 2089 198 2163 venit,
219 2094 349 2170 praeter
363 2107 458 2171 supra
473 2086 680 2173 significatos,
702 2087 738 2150 P.
755 2085 959 2153 Colomcsius
975 2084 1019 2149 ad·
1031 2085 1122 2150 catal.
1138 2108 1209 2151 mss.

103 2191 143 2252 ls.
158 2191 269 2252 Vossii
291 2212 322 2275 p.
335 2191 410 2254 867.
435 2193 481 2267 (is
504 2201 598 2275 atquc
620 2190 745 2255 iunctus
769 2214 818 2277 ap.
836 2191 958 2255 Fabric.
980 2189 1058 2254 bibl.
1073 2190 1155 2257 med.
1179 2200 1212 2254 ct
1237 2220 1240 2225 ·

102 2292 159 2358 inf.
181 2295 279 2372 Lat),
308 2295 445 2378 itemque
473 2294 731 2380 praecedentium
756 2294 919 2373 nonnulli,
949 2304 1082 2380 quoium
1105 2303 1211 2358 tamen

104 2401 273 2484 opiniones
296 2397 451 2482 locosque
468 2398 641 2463 secuudum
657 2396 738 2461 alios
754 2397 916 2485 adscripsi.
953 2399 989 2463 Si
1004 2398 1101 2484 aliqui
1115 2397 1210 2484 plane

102 2525 153 2566 me
176 2503 325 2589 fugerint,
346 2503 440 2564 venia
464 2504 512 2565 sit.
559 2501 714 2586 Equidem
736 2504 769 2565 in
792 2501 887 2566 titulo
910 2502 1110 2566 historiarum
1126 2503 1210 2567 Oro·
1280 2494 1288 2503 ’

103 2610 142 2670 sii
164 2605 337 2683 hodierno,
360 2607 412 2689 qui
434 2626 511 2667 sane
535 2608 627 2691 operi
650 2608 788 2670 omniurn
812 2607 991 2691 aptissimus
1009 2605 1150 2684 videtur,
1172 2628 1210 2670 ac

103 2710 208 2775 multis
232 2709 397 2773 codicibus
416 2712 548 2772 vetustis
564 2707 701 2773 eundem
715 2709 792 2786 fere,
815 2720 870 2774 aut
884 2709 1061 2774 simillimos
1075 2710 1116 2791 ¹²)
1136 2732 1210 2796 sup-

101 2813 320 2900 peditantibus
343 2815 476 2891 iuvatur,
498 2815 702 2899 acquiescam.

174 3027 225 3097 12)
244 3025 287 3083 Cf.
305 3025 485 3084 montfaucon.
504 3026 541 3102 pi.
557 3029 584 3082 in
597 3026 649 3085 loc.
669 3038 697 3083 et
714 3027 754 3085 St.
765 3027 859 3096 Croix,
877 3047 959 3085 exam.
973 3030 1030 3086 crit.
1045 3039 1094 3085 etc.
1113 3048 1139 3106 p.
1150 3031 1208 3084 121.

103 3121 158 3169 not.
172 3115 197 3167 5.
