2640 4764
635 178 679 243 45

104 367 170 422 tem
198 363 389 441 anteponat,
419 353 601 444 colligenda
629 354 706 420 inde
731 354 906 421 lectoribus
927 359 1028 444 magis
1049 359 1210 443 permittat

103 482 199 548 quarn
221 463 292 546 ipse
310 471 503 544 exsequatur,
528 482 622 546 quum
637 463 671 523 in
685 459 768 524 libro
783 463 919 546 septimo
935 460 1117 525 felicitatem
1131 472 1210 526 tem.

102 587 220 652 porum
246 572 322 650 post
344 561 505 629 Christum
527 575 635 629 natum
657 586 735 649 prae
758 556 891 628 caeteris
913 563 1088 642 collaudet,
1118 565 1209 629 nibil-

103 691 167 755 que
196 671 257 732 nisi
285 670 475 752 impietatem
505 687 750 755 paganorum
780 690 904 733 eausam
927 691 1031 734 rerum
1054 669 1209 733 infelicio-

102 795 182 851 rum,
204 794 286 857 quae
309 770 503 850 accidissent,
526 783 652 860 arguat3
677 774 778 835 itaut
799 773 850 835 hie
871 776 980 858 potius
1001 771 1209 854 feliciorem)

103 875 171 939 illic
193 877 351 938 atrociora
375 874 537 963 depingat.
584 877 712 953 Passim,
734 896 838 960 neque
852 876 894 939 -id
915 879 1033 962 inepte,
1049 877 1209 941 malorum

102 982 318 1067 praesentium
346 1000 452 1042 veram
467 1003 607 1044 eausam
628 982 845 1044 Romanorum
874 987 951 1043 suae
973 983 1085 1044 aetatis
1106 982 1211 1065 pravi-

103 1094 201 1149 tatem
223 1082 389 1171 significat.
402 1083 445 1164 ³²)
466 1122 511 1135 --
538 1085 653 1167 Neque
677 1084 716 1148 ab
741 1083 802 1148 alia
825 1083 1004 1148 deducendi
1026 1087 1151 1148 ratione
1174 1102 1210 1148 se

104 1189 253 1265 abstinet,
277 1191 321 1251 ita
342 1196 379 1250 ut
401 1190 494 1251 etiam
517 1187 559 1252 ob
584 1188 647 1251 boe
668 1188 756 1251 nulla
779 1192 812 1253 in
834 1199 926 1273 parte
949 1191 1142 1252 miseriarum
1163 1191 1210 1252 iu-

103 1302 184 1357 stam
206 1293 475 1377 comparationem
497 1291 642 1356 adbiberi
663 1312 761 1377 posse
782 1290 978 1357 demonstret
1000 1295 1090 1376 „quia
1106 1290 1208 1356 multo

102 1399 224 1461 maiore
238 1395 385 1460 molestia
400 1393 561 1473 adficiunt,
579 1396 857 1481 quantulacunque
872 1399 942 1474 sint,
955 1399 1016 1459 ista
1031 1407 1209 1481 quaesunt,

104 1523 197 1586 quam
220 1499 288 1579 illa,
310 1521 391 1584 quae
414 1502 481 1563 sive
503 1509 658 1564 transacta
681 1503 750 1563 sive
773 1509 921 1578 ventura,
945 1502 1004 1563 etsi
1025 1521 1139 1586 magna
1164 1498 1210 1562 di-

104 1614 232 1682 cuntur,
258 1607 383 1667 interim
410 1606 541 1667 omniuo
563 1612 640 1668 tunc
661 1626 729 1668 non
751 1605 911 1684 sunt“.³³)
961 1605 999 1668 ln
1021 1601 1209 1677 evolvendis

74 1743 76 1747 ·
102 1709 151 1773 his
181 1708 330 1773 omnibus
357 1712 449 1771 vario
477 1706 575 1772 modo
598 1711 737 1795 graviter
759 1728 860 1794 aeque
883 1718 977 1794 atque
998 1710 1121 1771 ironice
1142 1728 1209 1772 rem
1306 1712 1310 1717 '

103 1834 192 1878 suam
214 1833 327 1900 gerere
346 1811 463 1877 studet.

192 1917 257 1980 lam
286 1937 368 2002 quos
397 1916 591 1981 universales
620 1917 876 2004 affirmantesque
904 1939 982 2003 prae
1006 1914 1076 1980 aliis
1100 1917 1210 1979 censui

103 2041 268 2098 excursus,
288 2021 517 2106 praefationes,
540 2018 700 2084 vinculum
722 2021 883 2107 quoddam
906 2042 966 2106 per
987 2031 1090 2086 totum
1111 2022 1210 2084 histo·

102 2127 220 2190 riarum
249 2134 443 2205 contextum,
473 2124 514 2189 ad
543 2136 663 2189 certum
691 2125 858 2211 quemdam
880 2126 978 2190 finem
1000 2128 1209 2213 coniungens,

104 2250 217 2294 eruere
240 2239 273 2293 et
294 2230 432 2314 probare
454 2233 609 2294 nituntur:
632 2228 687 2292 ubi
709 2230 835 2316 quidem
858 2230 935 2294 eave
953 2232 1209 2308 concinnitatem,

103 2336 370 2420 perspicuitatem,
391 2334 487 2400 rebus
509 2338 623 2399 insitae
646 2337 844 2398 necessitatis
861 2333 1085 2399 deductionem
1102 2335 1211 2420 exspe-

104 2450 186 2517 ctes,
216 2460 345 2524 quarum
373 2441 406 2502 in
433 2439 603 2503 tractandis
626 2460 703 2502 vere
725 2439 884 2502 historicis
906 2441 1059 2503 Nostrum
1082 2444 1210 2513 minime

103 2564 251 2629 capacem
279 2541 334 2606 vel
358 2551 522 2626 potentem
545 2547 605 2606 iam
630 2543 877 2609 observavimus.
921 2543 1077 2608 Videmus
1100 2544 1209 2628 potius

102 2648 156 2712 hic
178 2668 305 2733 quoque
322 2647 474 2711 Orosium
496 2651 636 2711 vinetum
659 2649 714 2732 pio
739 2667 815 2709 sane
837 2645 991 2731 fidelique
1014 2650 1129 2723 anieno,
1151 2645 1209 2710 sod

104 2755 199 2818 etiam
234 2752 403 2817 abeuntem
431 2754 465 2814 in
494 2751 588 2816 valde
618 2751 778 2829 abstrusa,
811 2771 853 2814 ne
883 2749 984 2813 dicam
1013 2752 1210 2834 ineptissima

103 2860 266 2945 mysteria.
311 2857 426 2941 Neque
450 2857 621 2921 artificiosa
643 2859 890 2944 cogitationum,
921 2856 1043 2918 etiamsi
1063 2855 1210 2938 mystica·

103 2986 189 3041 rum,
212 2963 403 3045 compositio
427 2970 489 3037 est,
512 2961 569 3025 sed
591 2962 642 3025 bie
664 2961 899 3046 quoquefsicut
920 2968 975 3022 aut
994 2969 1133 3045 tempus,
1156 2967 1211 3022 aut
1282 2941 1286 2949 ¹

104 3068 198 3132 loeus
221 3067 422 3129 occasionem
446 3064 577 3143 obtulit,
607 3074 662 3128 aut
684 3068 755 3150 ipse
777 3063 880 3127 voluit
903 3066 1054 3148 scriptor,
1076 3062 1209 3127 diversis

104 3175 146 3236 iu
161 3170 345 3256 locisquae
368 3171 467 3235 sensit
489 3172 581 3233 etiarn
597 3167 748 3253 prodidit.
787 3167 880 3234 Ordo
896 3188 1008 3243 rerum,
1032 3188 1123 3250 quem
1140 3170 1209 3250 quis

105 3274 280 3342 observare
303 3272 364 3337 sibi
386 3271 539 3350 videatur,
562 3271 670 3336 itidem
693 3292 760 3334 non
784 3280 832 3334 est
854 3273 1000 3349 auctoris,
1024 3268 1114 3334 sedi
1113 3272 1211 3334 ortui

104 3391 166 3459 tus,
188 3376 241 3442 vel
264 3380 358 3440 etiam
380 3376 506 3440 rebus
498 3376 574 3461 ipsis
598 3375 700 3447 datus.
735 3375 884 3440 Attamen
906 3378 973 3440 ut
965 3397 999 3439 ra
1020 3384 1126 3441 mente
1146 3375 1210 3439 for-

104 3495 190 3549 tasse
214 3484 325 3549 Orosii
347 3481 553 3557 inhaeserint,
583 3479 695 3543 ordine
719 3478 857 3565 quodam
881 3459 1048 3564 disposita,
1073 3478 1211 3593 clariora

106 3611 176 3652 cum
200 3589 340 3672 mysticis
362 3586 503 3649 breviter
525 3606 777 3671 percenseamus.

176 3784 229 3850 31)
245 3782 321 3837 ‘At
313 3804 341 3838 rn
361 3784 498 3860 prioribus
516 3784 596 3839 etiam
614 3781 691 3838 libris
708 3780 893 3839 huiuscemodi
911 3778 1038 3835 aemulis
1057 3789 1210 3848 occurrunt,

107 3889 221 3946 quorum
244 3872 321 3944 quasi
343 3869 477 3946 fastigium
500 3880 588 3926 exstat
609 3871 638 3925 in
659 3868 742 3946 prael.
761 3869 816 3940 (ec
837 3869 899 3923 let
916 3865 960 3935 2.)
980 3864 1043 3923 libri
1061 3865 1095 3935 V,
1118 3867 1164 3922 irbi
1182 3876 1212 3922 et

107 3955 260 4011 felicitatem
284 3958 326 4012 sui
347 3959 475 4034 temporis
493 3958 590 4012 asserit
608 3965 635 4012 et
653 3976 764 4031 quanam
782 3957 809 4011 in
828 3974 857 4010 re
875 3974 910 4009 ea
924 3954 1013 4029 posita
1031 3955 1079 4022 sit,
1103 3953 1212 4009 demon

106 4053 195 4098 strare
211 4051 331 4097 conatur.
367 4042 412 4098 Ad
430 4043 502 4119 qnod
520 4042 589 4098 infra
608 4062 783 4098 recurremus.

177 4128 230 4198 32)
254 4127 296 4183 Cf.
316 4128 336 4196 l,
347 4132 387 4185 l6.
411 4129 477 4196 ll‚.6
500 4127 547 4195 lv,
564 4132 602 4187 l6.
613 4132 655 4186 21.
665 4131 701 4184 23
719 4127 815 4206 epilog
834 4147 899 4182 sane
916 4147 988 4183 omna
979 4126 1083 4184 laude
1099 4126 1208 4200 dign.

175 4217 227 4284 33)
252 4212 337 4271 Praei.
355 4214 459 4273 lib..lV
478 4218 575 4293 pm
1025 4256 1044 4264 ..
