2640 4764
599 237 602 243 ·
624 213 688 280 169

103 413 122 456 a
144 389 377 477 posterioribus
400 391 582 456 auctoribus
605 390 681 455 alias
704 390 752 454 his
775 389 816 455 de
837 387 932 454 rebus
954 389 1117 455 advocetis
1135 411 1211 455 nus«

103 518 198 581 quam
228 516 295 558 non
325 497 457 560 omissis.
509 496 565 560 Sin
595 506 698 560 autem
723 504 837 580 postea
861 496 1029 579 (penu),
1057 517 1119 559 nee
1139 497 1210 559 sine

103 602 333 663 coniunctione
349 622 417 664 eum
433 601 602 686 prioribus,
626 600 666 664 de
678 598 907 663 Valentiniano
922 599 1090 663 interfecto
1105 596 1213 685 „apud

103 705 272 782 Viennam,
288 709 339 783 ait,
359 704 437 769 dolo
454 705 649 792 Arbogastis,
672 705 795 773 comitis
810 706 868 782 sui,
890 714 932 767 ut
946 703 1089 780 ferunt,
1111 713 1213 785 stranf

102 806 255 894 gulatus“
279 819 352 886 ete,
375 808 416 872 ad
438 805 592 885 auditum,
621 819 657 873 ut
679 808 802 872 iontem
824 809 950 885 Nostri,
971 809 1095 871 remissi
1116 806 1211 872 nobis

102 910 282 989 videamur,
310 912 345 975 id
374 912 462 998 quod
488 913 631 976 firmatur
652 912 801 990 fortasse,
831 915 858 975 si
881 911 1006 997 quidem
1029 921 1105 997 post
1127 926 1213 975 eom*

104 1025 312 1078 memoratum
342 1019 565 1102 imperatorem
592 1018 785 1104 Eugenium,
815 1027 956 1080 creatum
984 1037 1042 1102 per
1066 1015 1213 1102 Arboga·

107 1128 187 1181 stem
219 1120 430 1197 „Historiam
459 1123 575 1205 iuquit,
609 1131 717 1185 notam
747 1123 840 1183 etiarn
867 1119 968 1184 oeulis
996 1119 1212 1204 plurimorum,

106 1244 199 1307 quam
228 1223 340 1288 melius
370 1226 423 1308 qui
451 1234 637 1310 spectavere
662 1235 837 1302 noverunt,
867 1223 991 1288 dilatari
1013 1224 1122 1288 verbis
1143 1242 1212 1288 non

106 1347 188 1411 opus
213 1333 293 1390 est.“
345 1330 554 1414 Excipiuntur
581 1338 684 1393 antem
714 1329 793 1392 haec
820 1352 837 1391 a
867 1331 1050 1392 narratione
1079 1331 1214 1392 ornatis-

105 1433 198 1507 sima,
221 1441 316 1515 atque
338 1432 494 1496 uberrima
515 1456 620 1497 rerum
644 1455 662 1495 a
686 1431 875 1496 Theodosio
899 1442 1010 1496 contra
1034 1433 1213 1518 Eugenium

105 1544 139 1598 et
155 1534 366 1620 hrbogastenr
383 1548 546 1620 gestarum,
569 1540 602 1600 in
618 1559 679 1622 qua
696 1538 905 1624 Augustinnm
931 1537 980 1616 (d.
998 1559 1024 1599 c.
1036 1535 1078 1598 D.
1095 1536 1214 1615 V,2o.)

105 1637 330 1723 amplificatum
354 1643 573 1726 conspicimus,
596 1644 649 1725 qui
673 1639 713 1704 de
736 1661 845 1726 pugna
867 1638 922 1702 illa
945 1639 1088 1718 „Milites
1112 1639 1214 1717 nobis,

104 1746 215 1827 inquit,
239 1745 292 1826 qui
314 1742 455 1822 aderant,
477 1744 676 1809 retulerunt“
700 1756 768 1820 etc,
796 1748 839 1833 ita
863 1754 898 1808 ut
920 1742 961 1807 de
982 1744 1094 1807 Nostri
1117 1743 1215 1807 fonti-

107 1845 169 1909 bus
192 1846 244 1908 hio
265 1849 317 1910 vix
339 1846 469 1912 dubium
493 1871 562 1913 esse
585 1853 699 1934 possit:
728 1846 901 1912 relationes
925 1851 1007 1911 enim
1025 1852 1122 1911 'erant
1143 1869 1215 1931 par-

108 1954 164 2015 tim
189 1949 287 2013 lando
310 1951 451 2030 auditae,
478 1957 591 2039 partim
615 1975 652 2017 ex
676 1954 854 2040 Augustino
879 1950 1074 2036 depromtae.
1087 1954 1116 2031 ⁴)
1166 1953 1215 2015 Ex

106 2077 164 2117 sua
200 2057 298 2140 ipsius
334 2059 519 2143 cognitione
551 2056 665 2143 procul
695 2055 793 2121 dubio
823 2057 937 2119 notitia
966 2054 1007 2120 de
1036 2054 1215 2120 Theodosii

106 2168 210 2222 morte
235 2169 310 2222 extr'.
327 2173 407 2245 part.
431 2164 543 2246 capitis
566 2161 674 2225 addita
690 2171 748 2226 est.
763 2201 807 2211 -
830 2163 926 2225 Initio
951 2163 1062 2245 eapitis
1078 2163 1122 2224 36
1144 2160 1216 2223 bre

106 2265 155 2325 vis
186 2272 286 2326 exstat
313 2267 433 2327 mentio
457 2267 609 2344 Honorii,
638 2265 768 2329 Arcadii
797 2275 829 2329 et
856 2285 895 2328 eo
919 2275 1063 2350 tempore
1086 2265 1216 2329 Orienti

107 2369 314 2451 imperitantis
338 2369 514 2438 Theodosii
537 2373 650 2450 (inu.):
677 2373 710 2434 in
733 2369 855 2454 reliqna
879 2372 989 2453 capitis
1011 2378 1103 2453 parte
1125 2391 1216 2433 accu÷

108 2473 209 2533 ratior
230 2469 347 2557 legitur
369 2477 509 2537 narratio
532 2485 638 2538 motus
658 2473 809 2539 Gildonis
832 2477 864 2536 in
883 2473 997 2550 Africa,
1020 2495 1078 2558 per
1093 2473 1217 2536 llllasce-

108 2574 200 2637 zilem
225 2578 384 2652 exstincti,
415 2588 447 2640 et
469 2581 632 2662 quoniam,
655 2588 690 2640 ut
712 2576 852 2654 videtur,
877 2578 1071 2649 notissimam
1094 2575 1217 2640 adtinet

108 2699 184 2755 rem,
211 2681 337 2741 minime
361 2678 499 2744 dilucida
521 2682 615 2745 nobis
639 2684 696 2743 ista
721 2679 760 2743 de
784 2683 868 2743 exitu
891 2679 1070 2743 hlaseezilis
1093 2684 1215 2745 notitia.

108 2784 170 2846 Hic
199 2784 298 2869 igitur
328 2787 432 2847 omnia
463 2785 504 2848 de
532 2785 674 2849 Gildone
704 2795 736 2847 et
757 2782 930 2847 Mascezile
959 2783 1000 2846 ad
1027 2783 1216 2849 traditiones

108 2890 221 2950 iterum
237 2887 349 2951 Nostri
371 2888 479 2952 fontes
502 2887 619 2963 ducere
640 2887 797 2965 videntur,
819 2887 908 2950 velut
929 2890 957 2950 si
972 2886 1013 2950 de
1028 2891 1139 2965 causis,
1162 2910 1218 2952 cur

110 2993 282 3055 surrexerit
297 2989 396 3055 Gildo
420 3004 478 3071 „ut
500 2993 626 3079 quidam
642 2992 771 3056 ferunt“
792 2995 908 3076 inquit;
932 3002 986 3056 aut
1000 2997 1099 3079 magis
1116 2995 1217 3071 etiam,

110 3099 138 3159 si
168 3094 289 3173 adiicit,
318 3099 408 3174 „sive
438 3108 472 3160 ut
495 3096 556 3160 alia
579 3096 707 3160 tradit
729 3099 894 3180 opinio“
917 3097 1085 3181 (p.5o‹1.);
1114 3108 1170 3161 nut
1190 3099 1219 3160 si

111 3198 153 3263 de
181 3220 314 3263 numero
339 3203 500 3285 copiarum
524 3199 704 3263 Mascezilis
726 3209 785 3278 „ut
807 3201 917 3262 aiunt“
940 3193 1028 3263 addit
1050 3203 1100 3285 (p.
1113 3202 1217 3279 565.);

110 3305 296 3391 praesertim
321 3314 424 3367 autem
447 3306 473 3366 si
496 3317 571 3389 post
592 3303 714 3382 dietam,
737 3302 868 3367 mirifico
890 3302 1015 3366 facilem
1039 3303 1218 3369 llllnseezilis

111 3413 291 3485 victoriam,
319 3409 353 3469 in
375 3406 460 3470 hunc
482 3408 599 3473 desinit
620 3407 747 3474 modum
770 3399 1048 3488 „l’ericlitaremur
1068 3410 1126 3474 sub
1151 3419 1219 3474 tana

184 3644 219 3714 4)
242 3643 383 3700 Praeterea
405 3665 468 3702 rere
491 3666 505 3700 e
528 3644 616 3714 falsis,
639 3645 757 3715 fictitiis,
780 3647 865 3702 auctis
888 3643 1013 3700 facillime
1035 3643 1171 3702 discernas
1189 3648 1219 3702 in

112 3733 274 3787 narratione.
313 3732 499 3810 Expositionis
523 3731 674 3810 exemplum
696 3733 748 3790 hoe
772 3733 880 3790 addam:
904 3731 1088 3788 Theodosium
1106 3735 1219 3789 maximo

113 3820 142 3873 iu
160 3817 281 3895 periculo
300 3821 446 3895 scripserat
463 3829 607 3885 versutum,
625 3822 781 3896 priusquam
798 3840 912 3898 pugnam
928 3821 1114 3887 commisisset,
1131 3829 1220 3877 tamen

113 3904 175 3961 Deo
195 3925 256 3960 esse
274 3896 360 3962 fisum.
402 3905 493 3980 Pergit
515 3926 542 3983 p.
556 3908 617 3961 560.
640 3907 769 3974 „Dehinc
788 3917 928 3984 postquam
948 3907 1096 3960 insomnem
1114 3915 1220 3963 noctem

113 4012 224 4070 precum
244 3993 444 4048 continuatione
461 3993 599 4066 transegit,
618 4001 645 4047 et
663 4002 748 4049 testes
764 3991 966 4070 propemodum,
985 3995 1092 4067 quasin
1107 3995 1220 4067 pretium

114 4077 246 4155 praesidii
264 4077 391 4134 coelestis
410 4077 582 4158 adpenderat,
606 4076 813 4134 lacrimarum
831 4077 965 4134 lacunas
985 4077 1135 4154 reliquit,
1154 4079 1221 4136 fidn-

117 4164 221 4221 eialiter
240 4185 309 4220 arma
329 4168 467 4242 corripuit,
485 4164 570 4232 solus,
588 4166 678 4222 sciens
696 4186 728 4222 se
745 4185 807 4222 esse
824 4185 878 4220 non
895 4163 1015 4220 solum.“
1042 4165 1092 4220 Sat
1104 4163 1221 4222 lacrima·

116 4253 187 4309 verit
205 4272 317 4309 neeesse
336 4254 389 4308 est!
426 4251 527 4310 Tamen
545 4254 624 4310 etiarn
643 4254 671 4308 in
688 4251 731 4308 his
750 4250 893 4311 exauditu
911 4250 1070 4308 referentem
1089 4251 1199 4309 audiam.
