2640 4764
634 182 698 249 126

112 357 199 417 ducta.
231 356 395 435 praecedens
418 357 577 435 prodigium.
600 377 659 415 ser..
677 357 737 415 Liv.
758 356 817 415 LX.
841 367 869 414 et
890 377 925 416 ex
942 358 1055 440 Eutrop.
1075 359 1124 432 lV,
1141 365 1160 419 9
1177 363 1218 421 fiu.

112 447 206 516 (-·10
218 445 291 513 init.)
320 443 371 513 [cl.
390 444 441 501 sub
460 444 573 521 Eutrop.
593 454 720 522 utsupra
739 445 774 502 de
791 444 913 503 chronol.
930 445 1025 504 Nostri
1043 449 1067 519 §.
1080 451 1120 519 3.]

182 552 210 609 p.
225 533 397 587 315-318.:
421 529 454 586 C.
473 529 589 587 Gracchi
610 531 710 588 seditio
730 541 757 588 et
774 534 908 588 interitus.
938 533 1062 604 [brevis,
1081 538 1218 605 concinna,

110 636 197 694 neque
219 616 330 694 illepide
351 619 483 684 narratio,
506 637 638 695 nusquam
661 617 889 675 verisimilitudiui
910 619 1035 688 adversa,
1059 623 1088 676 in
1107 623 1218 698 singulis

110 725 178 762 max.
200 713 269 782 part.
293 724 308 760 e
331 706 405 761 uotis
427 702 520 760 fontib.
545 703 726 773 defendenda,
754 715 843 762 tamen
865 707 894 761 iu
915 704 959 761 his
980 708 1051 783 ipsis
1074 728 1219 786 eorumque

110 793 299 849 coniunctione
317 793 522 847 couversionem
540 811 728 868 nunnunquam
747 802 774 848 et
791 811 860 848 nova
878 792 1007 868 quaedam
1015 794 1218 872 suppeditans]

109 897 163 937 ecc.
182 876 240 935 Lis.
258 875 309 935 LX
327 886 354 932 et
373 875 443 933 LXI.

181 963 242 1034 [Al.
262 983 316 1019 uon
333 962 491 1040 reperienda
509 964 603 1018 insunt
621 964 711 1020 verbis
731 963 854 1032 „lanium
871 965 919 1036 (1)
933 968 1090 1023 ...irruit“
1109 989 1137 1046 p.
1147 970 1217 1034 316.;

109 1049 172 1108 deiu
189 1070 217 1127 p.
226 1053 287 1107 317.
307 1068 407 1126 corpus
423 1048 457 1105 C.
472 1048 587 1106 Gracchi
605 1053 682 1106 matri
694 1052 818 1117 missum
830 1050 875 1120 97)
893 1053 957 1108 item
975 1055 1055 1110 etiam
1067 1065 1157 1111 notar.
1170 1075 1217 1113 rer.

110 1139 351 1194 conversiones
369 1137 398 1191 iu
416 1137 459 1204 iis,
479 1155 547 1212 quae
565 1134 599 1190 de
617 1134 694 1193 Fulv.
707 1136 805 1193 Flacco
824 1146 851 1193 et
869 1137 933 1194 liliis
952 1141 985 1196 ei.
1004 1149 1031 1196 et
1049 1139 1084 1195 de
1103 1142 1217 1197 numeris

109 1242 210 1280 caesor.
229 1221 407 1291 referuntur]
656 1260 659 1267 ·
729 1252 731 1257 ·

179 1308 215 1377 V,
229 1311 269 1364 13.
288 1330 315 1386 p.
325 1311 399 1363 318.:
419 1307 454 1380 Q.
464 1307 588 1365 Metellus
607 1308 734 1366 Baleares
749 1307 857 1381 subigit.
875 1308 1082 1367 111111.-
1099 1311 1152 1370 Cu.
1165 1313 1218 1370 Do·

110 1397 202 1453 mitius
216 1393 380 1469 Allobrogas
398 1396 489 1450 vincit.
510 1415 524 1451 e
542 1393 598 1451 Lu.
612 1395 682 1451 LXI.
709 1395 797 1463 [uum.
816 1415 916 1452 caesor.
936 1407 963 1452 et
981 1401 1079 1476 captiv.
1098 1420 1156 1456 nou
1173 1400 1216 1471 al]

108 1482 211 1541 Aetnae
233 1479 399 1548 incendium3
422 1478 506 1537 cladis
530 1480 659 1537 levandae
683 1496 761 1537 causa
784 1479 956 1538 Catanensib.
979 1485 1120 1560 vectigalia
1142 1489 1171 1543 in
1192 1487 1217 1543 X

108 1589 193 1624 annos
212 1569 331 1624 remissa.
364 1587 378 1622 e
396 1565 473 1622 Lim?
498 1566 558 1636 [ΑΙ.
576 1588 619 1623 me
636 1567 703 1625 haec
721 1567 819 1642 legisse
837 1588 891 1623 uon
908 1572 1039 1638 memini]

113 1666 118 1715 ζ
178 1653 213 1723 V,
229 1656 268 1709 14.
290 1655 506 1731 1319113111
531 1652 597 1727 (Q.)
616 1652 679 1710 Fau.
699 1653 801 1722 (lllax.)
820 1675 894 1711 cuns.
912 1656 1058 1727 Bituitum,
1082 1658 1217 1715 Arverno·

107 1760 166 1799 rum
183 1759 280 1815 regem,
299 1739 332 1795 ad
350 1738 510 1795 Rhodanum
527 1741 619 1797 vincit.
643 1759 696 1797 sec.
716 1738 774 1798 Liv.
793 1739 863 1797 LXI.
885 1743 1006 1819 [singula
1024 1765 1112 1821 paene
1132 1748 1216 1801 omnia

107 1846 239 1905 nusquam
262 1826 315 1882 uisi
338 1846 380 1903 ap.
398 1824 508 1894 Noetu]
528 1857 562 1867 -
587 1826 622 1899 Q.
641 1825 755 1882 Marcius
780 1846 853 1885 cous.
874 1828 975 1888 Gallor.
994 1841 1101 1906 gentem
1123 1833 1216 1904 (Stoe-

106 1913 175 1983 nos)
194 1923 334 1991 expugnat.
354 1933 407 1969 sec.
425 1911 485 1969 Liv.
504 1910 587 1968 Lxll.
607 1911 728 1987 [singula
747 1933 791 1989 ap.
808 1914 899 1971 Nostr.
919 1919 1045 1988 tautum]

179 1998 214 2067 V,
228 2002 269 2055 15.
292 2021 319 2077 p.
333 2001 493 2055 321-316.
528 2018 554 2075 p.
568 2001 741 2055 321-325.:
766 2000 895 2057 Bellum
918 2002 1159 2077 Iugurthinum.
1173 2005 1215 2076 98)

106 2107 160 2144 sec.
179 2084 238 2143 Liv.
257 2084 340 2152 LXll,
351 2083 449 2153 LXIV,
462 2083 546 2151 LXV,
559 2082 656 2151 LXVI,
669 2083 778 2142 LXVII.
812 2087 910 2155 [Initio
933 2110 977 2145 res
995 2093 1148 2147 summatim
1166 2101 1216 2147 tra·

106 2184 174 2241 ctat,
197 2173 246 2231 ubi
266 2172 346 2229 verba
364 2171 412 2228 illa
429 2172 568 2226 notissima
587 2170 729 2244 Iugurthae
748 2171 781 2228 de
800 2173 885 2229 Roma
903 2174 1002 2243 venali,
1026 2175 1108 2252 plane
1127 2177 1216 2232 eadem

106 2270 268 2336 sunt'atque
287 2279 328 2336 ap.
343 2257 465 2329 811131.
500 2257 574 2313 Cave
592 2266 681 2314 autem
698 2258 762 2314 iudo
779 2259 850 2316 hunc
868 2271 987 2318 secutum
1006 2282 1068 2318 esse
1087 2263 1215 2319 Orosium

106 2346 213 2414 credas,
238 2363 319 2421 quum
343 2343 423 2419 paulo
444 2354 507 2420 post
524 2347 666 2419 sequentia
682 2365 737 2401 nou
755 2346 844 2403 solum
862 2347 1028 2404 discedentia
1045 2349 1146 2418 multa,
1168 2349 1215 2406 scd

106 2436 186 2491 etiam
203 2451 333 2508 nusquam
352 2429 414 2487 alibi
433 2430 594 2487 invenienda
610 2431 688 2509 plura
707 2433 862 2510 praebeant
892 2434 974 2491 Hisce
991 2456 1150 2492 annumeres
1164 2437 1215 2514 pri·

105 2541 176 2580 mum
199 2518 393 2597 quodammodo
418 2518 452 2574 de
474 2517 633 2574 Posthumio
656 2521 768 2595 eiusque
791 2520 825 2576 ad
844 2520 978 2578 Calamam
1002 2521 1086 2591 (Sall.
1103 2526 1148 2578 37.
1167 2522 1214 2578 Su·

105 2608 184 2680 thul)
201 2607 305 2687 proelio
325 2617 375 2664 etc.
393 2616 506 2662 narrata.
537 2605 604 2661 ltem
624 2604 775 2675 discedunt,
794 2628 880 2684 neque
898 2629 939 2686 ap.
954 2628 1046 2664 omnes
1066 2611 1214 2664 11111111-

107 2704 193 2765 suut,
218 2717 288 2772 quae
310 2695 344 2751 de
362 2692 472 2750 Metello
497 2692 766 2750 et‘conditiouib.
792 2695 825 2749 ab
848 2694 943 2750 eodem
961 2693 1023 2750 latis
1042 2695 1215 2773 proferuntur

104 2786 201 2862 pauo.
238 2781 309 2839 Tum
332 2781 460 2837 differunt
483 2800 498 2834 a
518 2778 583 2835 Sall.
603 2783 738 2847 tu-est,
764 2801 832 2856 quae
856 2780 889 2836 de
908 2779 997 2857 Capsa
1016 2780 1156 2856 leguntur3
1177 2791 1212 2837 ta·

104 2890 166 2927 meu
190 2866 418 2926 verisimilitudini
441 2885 497 2921 uon
520 2876 677 2942 repugnant.
707 2866 757 2936 (cf.
778 2867 942 2923 uut.ld.'ad
960 2867 986 2922 h.
1005 2867 1046 2935 c.)
1088 2867 1140 2924 Vel
1163 2887 1213 2937 ma·

103 2959 175 3014 xime
197 2955 260 3010 dein
284 2951 440 3018 discedunt,
464 2972 532 3028 quae
555 2951 590 3007 de
611 2973 699 3030 pugna
717 2952 794 3008 Marii
816 2951 850 3007 ad
870 2952 973 3009 Cirtam
990 2961 1017 3008 et
1035 2952 1070 3008 de
1088 2954 1212 3029 sequenti

104 3041 199 3099 ultimo
218 3038 322 3118 proelio
340 3038 441 3094 Noster
459 3037 620 3095 diffusius
639 3039 744 3117 prodit3
762 3041 787 3094 11
805 3059 835 3094 ea
854 3059 876 3094 c.
897 3038 961 3095 Sall.
981 3041 1097 3095 97-99
1112 3050 1140 3096 et
1155 3044 1212 3095 lut.

105 3127 283 3186 contenderis.
318 3125 349 3181 Iu
368 3125 439 3201 quib.
458 3125 566 3200 quidem
584 3125 647 3182 iude
664 3125 794 3183 Nostrum
813 3145 866 3181 uun
885 3125 1114 3182 accuratissimum
1133 3127 1213 3182 conii·

105 3217 186 3283 eiam,
207 3212 279 3290 quod
298 3234 323 3290 p.
333 3216 394 3268 322.
413 3211 508 3268 scribit
530 3211 729 3280 „Postremo
748 3212 782 3268 ad
801 3212 950 3269 Cirtam“
969 3221 1128 3289 pugnatum
1152 3212 1212 3268 deiu

103 3305 201 3383 11311.
219 3310 308 3355 tamen
326 3297 417 3366 „Post
429 3297 503 3355 hoc“
524 3308 576 3355 etc.
592 3309 781 3354 commemorat
798 3297 872 3354 altor.
892 3300 969 3353 etiam
986 3297 1128 3375 proelium.
1157 3297 1213 3354 Sal·

103 3387 185 3445 lustio
209 3388 279 3442 onim
301 3385 423 3441 ultimum
445 3384 480 3440 ad
499 3383 624 3440 Cirtam
648 3394 703 3452 est,
720 3406 807 3460 -quum
830 3386 906 3461 prius
925 3405 939 3438 a
958 3383 1082 3441 Nostro
1101 3385 1137 3441 ad
1155 3386 1213 3442 Cir-

103 3485 168 3542 tam,
187 3473 220 3530 ab
239 3472 287 3529 illo
306 3472 370 3528 alibi
388 3482 534 3550 pugnaturn
552 3470 658 3526 dicitur.
677 3503 712 3514 -
730 3469 761 3526 lu
779 3473 896 3526 numeris
915 3479 1003 3526 autem
1021 3472 1120 3548 copiar.
1141 3473 1212 3527 etin

104 3561 227 3637 singulis,
245 3569 276 3616 ut
293 3558 407 3626 dictum,
425 3556 503 3635 plura
522 3577 536 3612 u
555 3554 656 3613 Nostro
675 3557 750 3614 solo
769 3567 905 3614 reservata
923 3556 1010 3625 suut]

105 3668 306 3680 ...—..---—-

174 3734 225 3802 97)
249 3731 291 3789 Cf.
316 3741 371 3787 not.
384 3733 427 3786 23.
450 3728 483 3785 ad
507 3729 533 3787 h.
552 3729 647 3789 Nostri
665 3753 687 3788 c.
712 3742 739 3787 et
763 3730 883 3788 Grubitz.
904 3751 952 3787 em.
974 3728 1055 3786 Oros.
1075 3750 1102 3807 p.
1116 3732 1160 3788 19.
1185 3739 1212 3786 et

56 3884 58 3889 y
102 3828 159 3877 not.
174 3821 215 3876 lo.
234 3818 347 3874 111112.
366 3816 500 3872 dissertat.
519 3826 635 3873 nostrae.

173 3914 226 3982 98)
248 3913 292 3968 De
315 3928 382 3988 quo,
410 3912 533 3988 quoniam
557 3920 693 3989 „propter
714 3910 829 3989 opimum
851 3910 1015 3987 scriptorum
1037 3909 1210 3966 luculentiam

103 4002 169 4056 satis
187 3997 325 4054 sufficiens
343 4019 383 4075 ap.
404 4017 495 4053 omnes
513 3999 633 4053 notitia⁴‘
651 4006 736 4065 esset,
755 3996 873 4053 breviter
890 4014 935 4051 res
953 3999 1162 4074 perstricturum
1181 4014 1210 4052 se

103 4104 165 4142 esse
181 4085 315 4162 promittit
332 4082 440 4159 quidem
458 4083 583 4153 Orosius,
606 4104 693 4160 neque
711 4082 867 4148 si'Livium,
886 4092 960 4137 certo
978 4082 1151 4152 uberrimum,
1170 4096 1212 4138 rei

103 4173 187 4248 spicis
209 4168 292 4226 multa
313 4169 430 4248 prolert;
453 4180 554 4238 tamen,
573 4169 653 4245 {quod
674 4168 708 4224 ad
726 4170 812 4245 ipsius
831 4187 900 4245 opus
917 4167 1077 4226 historicum
1094 4176 1211 4248 spectat,

102 4255 180 4334 plura
197 4257 277 4312 etiam
296 4255 460 4333 edit,-quam
478 4256 512 4313 de
530 4256 590 4313 altis
607 4254 688 4312 relius
705 4257 789 4331 gestis
807 4272 890 4331 aeque
908 4257 1019 4330 maguis.
1092 4277 1097 4280 ·
