2640 4764
627 197 689 266 171

102 377 187 443 baris
218 377 411 462 aperiuntur.
442 411 482 426 -
512 373 593 463 Cap.
608 377 651 440 ll
679 376 715 439 in
744 373 874 464 epilogo
902 372 1028 463 singula
1055 372 1212 460 quaedam

103 480 144 544 de
176 480 362 545 conditione
383 481 555 565 Hispaniae
584 492 617 544 et
644 477 820 543 incolarum
849 482 917 544 eius
945 477 1042 564 paulo
1072 490 1148 563 post
1170 480 1214 543 ir'-

101 587 287 669 ruptionem
316 588 459 671 gentium
489 593 687 648 externarum
717 593 749 648 et
776 583 910 647 biennio
932 591 1008 668 post
1032 587 1116 668 (quo
1138 584 1214 648 scri-

101 692 167 774 psit
191 689 350 770 Orosius)
379 688 591 775 praebet-
619 689 656 751 ln
683 709 752 773 cap.
775 689 819 752 42
842 686 1007 774 catalogus
1029 697 1215 751 recensetur

103 803 314 877 tyrannorum
338 792 473 859 feliciter
495 792 674 877 ubicunque
699 814 932 878 oppressorum,
953 794 988 854 in
1003 790 1105 856 Gallis
1125 789 1215 855 Con*
1294 806 1297 810 ’

103 899 244 974 stantini,
274 895 472 974 Constantis,
501 896 658 974 Gerontii,
686 897 823 973 Maximi,
845 896 958 974 lovini,
980 895 1158 960 Sebastiani
1182 903 1215 958 et

104 1002 322 1086 (interpositis
346 998 531 1085 quibusdam
555 1001 677 1063 notitiis
700 998 743 1063 de
763 997 922 1064 umbratili
944 999 1001 1063 illo
1023 1001 1215 1084 imperatore

105 1103 216 1168 Attalo
240 1107 371 1188 eiusque
394 1104 542 1183 fortuna)
564 1101 746 1166 Heracliani
769 1115 802 1168 et
823 1103 933 1168 Sabini
955 1107 989 1167 in
1012 1102 1133 1180 Africa,
1160 1100 1215 1166 de-

106 1229 168 1293 que
192 1207 368 1271 eorundem
390 1231 450 1293 per
465 1208 635 1271 Maximum
659 1206 749 1271 eluso
764 1210 798 1271 in
812 1209 946 1272 Romam
961 1211 1092 1291 impetu.
1125 1205 1215 1269 Haeo

104 1311 216 1376 ultima
239 1315 352 1375 iterum
376 1311 531 1376 diffusius.
582 1311 734 1396 Denique
757 1311 910 1375 ecclesiae
933 1310 1103 1376 Africanae
1125 1310 1216 1373 resti-

105 1427 173 1481 tuta
204 1438 262 1502 per
283 1417 462 1480 Honorium
493 1424 525 1479 et
552 1414 667 1478 tradita
695 1438 754 1500 per
776 1413 997 1478 Marcellinum
1022 1423 1216 1479 memoratur

104 1543 176 1606 pax,
202 1520 349 1604 idemque
372 1517 578 1583 Marcellinus
600 1540 661 1603 per
681 1520 839 1582 Marinum
863 1516 1060 1605 Carthagine
1083 1517 1215 1582 obtrun-.

106 1633 210 1699 catus,
238 1635 434 1709 quapropter
456 1623 599 1687 Marinus
628 1633 797 1686 revocatus
821 1632 855 1685 et
875 1623 1017 1707 privatus
1040 1633 1088 1686 est
1109 1620 1216 1685 reddi-

105 1737 167 1790 tus.
204 1727 269 1788 lam
293 1730 320 1789 si
344 1748 400 1789 eae
424 1749 503 1812 quae
527 1729 559 1788 in
583 1729 690 1811 priore
713 1727 805 1790 huius
829 1729 938 1811 capitis
959 1736 1051 1812 parte
1064 1724 1216 1813 leguntur

104 1852 173 1908 res,
195 1829 312 1894 ultimis
336 1829 416 1908 fere,
440 1830 554 1915 quihus
578 1833 611 1893 in
633 1833 734 1914 patria
757 1840 898 1893 moratus
922 1842 971 1894 est
990 1831 1126 1907 Noster,
1150 1828 1217 1892 die-

105 1934 166 1998 bus
196 1934 404 2021 gerebantur,
435 1945 466 1998 et
493 1939 520 1999 si
551 1933 679 1999 easdem
709 1936 761 2019 qui
791 1934 926 1999 fortasse
949 1954 1015 1997 non
1037 1931 1149 2019 procul
1172 1931 1213 1996 ab

107 2061 215 2102 earum
239 2048 414 2122 conspectu
436 2037 540 2102 fuerat
561 2042 711 2102 narravit:
740 2036 920 2100 Heracliani
948 2036 1083 2102 forsitan
1106 2045 1137 2100 et
1159 2036 1216 2100 Sa-

105 2142 174 2206 bini
203 2152 308 2205 motus
336 2149 370 2205 et
398 2151 523 2206 caetera
553 2165 590 2206 ex
614 2154 705 2227 parte
727 2141 838 2206 saltem
859 2145 920 2206 iam
943 2140 1068 2225 viderat
1089 2143 1159 2225 ipso
1180 2143 1215 2206 iu

107 2246 226 2322 Africa,
251 2256 305 2309 aut
327 2248 517 2310 novissimos
540 2256 627 2311 certe
650 2246 822 2324 audiverat,
844 2269 940 2331 quum
963 2244 1147 2331 appulisset.
1171 2279 1213 2296 -

106 2348 231 2413 Ultimo
261 2348 399 2434 deniquo
422 2351 506 2427 (43)
531 2354 643 2435 capite,
666 2349 850 2416 Constantii
876 2352 1001 2415 comitis
1018 2347 1215 2414 Arelatensis

108 2457 257 2532 meminit,
281 2453 408 2518 Gothos
430 2454 584 2518 Narbona
609 2453 795 2539 expellentis
820 2448 906 2518 etin
921 2455 1104 2539 Hispaniam
1127 2453 1216 2533 abire

108 2561 268 2644 cogentis3
298 2556 439 2642 loquitur
468 2557 508 2622 de
530 2558 693 2643 Ataulpho
715 2580 793 2646 rege
817 2560 947 2642 eiusque
969 2561 1091 2644 magnis
1113 2560 1217 2620 inten-

108 2661 259 2738 tionibus,
283 2661 323 2725 de
346 2661 459 2746 quibus
481 2665 585 2726 virum
607 2665 677 2748 regi
701 2665 917 2726 amicissimum
933 2665 967 2725 iu
982 2660 1106 2747 oppido
1120 2661 1218 2727 Beth·

108 2765 212 2828 lehem
228 2766 429 2850 Hieronymo
444 2767 634 2830 referentem
652 2764 810 2831 audivisse
825 2788 859 2830 se
876 2775 1086 2830 contestatur:
1108 2762 1218 2829 Ataul-

107 2870 206 2955 phum
235 2867 320 2953 apud
343 2869 571 2948 Ruscinonem,
601 2893 638 2933 ae
661 2871 843 2958 Segericnm
872 2870 1057 2957 interfectos
1082 2890 1218 2934 comme·

107 2982 227 3047 morat;
257 2971 393 3058 denique
416 2974 553 3038 Valliam
578 2996 793 3041 successorem
816 2975 938 3054 laudat,
968 2977 1023 3061 qni
1046 2972 1218 3041 Placidiam

109 3080 259 3142 Honorio
282 3077 372 3141 fratri
393 3076 598 3157 reddidisset,
627 3084 696 3165 paci
720 3104 790 3146 cum
813 3083 966 3145 Romanis
988 3083 1162 3155 insisteret,
1186 3087 1218 3153 et

109 3192 281 3269 propterea
306 3203 375 3245 cum
398 3181 468 3247 aliis
482 3184 655 3268 Hispaniae
677 3185 825 3269 gentibus
848 3185 1047 3272 confligeret.
1084 3186 1218 3268 „ltaque
1248 3247 1251 3250 .

109 3309 197 3351 nunc
226 3285 369 3372 quotidie
399 3286 484 3374 apud
506 3289 676 3374 Hispanias
705 3292 775 3376 geri
803 3288 888 3354 bella
917 3292 1073 3376 gentium,
1103 3297 1135 3355 et
1163 3291 1218 3375 agi

110 3402 233 3478 strages
257 3414 294 3454 ex
317 3391 469 3456 alterutro
493 3393 699 3457 barbarorum
723 3393 840 3457 crebris
864 3396 1020 3479 certisque
1036 3395 1154 3459 nuntiis
1173 3390 1220 3456 di-

109 3499 234 3572 scimus,
257 3496 575 3583 praecipueValliam
593 3497 774 3562 Gothorum
795 3521 903 3586 regem
926 3501 1071 3563 insistere
1094 3508 1220 3583 patran-

111 3598 172 3664 dae
194 3602 265 3685 paci
287 3599 428 3666 ferunt.“
460 3604 581 3665 Verum
604 3602 695 3665 huius
718 3603 917 3667 historiarum
940 3606 1038 3688 partis
1061 3613 1219 3669 extremae

110 3703 208 3768 finem
224 3705 365 3790 periodis
382 3716 414 3769 et
428 3706 533 3769 verbis
551 3706 855 3786 „Manifestavimus
873 3719 907 3772 ut
922 3706 1058 3772 arbitror
1075 3744 1116 3758 -
1131 3705 1219 3775 bom

112 3829 184 3872 esse
208 3808 409 3874 didicerunt“
432 3814 483 3895 (p.
500 3811 589 3889 587.)
613 3815 772 3896 expressit

138 3983 141 3990 ¹
202 3911 285 3975 Sunt
312 3914 437 3998 quidem
466 3936 534 3978 non
563 3915 675 3993 multa,
704 3938 785 4001 quae
813 3916 899 3981 hisce
926 3915 1042 3980 ultimis
1065 3915 1220 4001 capitibus

112 4015 317 4101 praebentur,
340 4027 445 4082 tamen
466 4017 542 4083 ideo
562 4018 647 4084 haud
661 4025 750 4105 parvi
766 4019 945 4106 pendenda,
968 4043 1064 4105 quum
1080 4020 1220 4084 omnium

114 4119 377 4184 historiarum
406 4120 446 4186 de
471 4123 667 4208 temporibus
688 4123 753 4188 illis
777 4134 809 4188 et
831 4124 910 4189 locis
933 4126 959 4188 si
981 4145 1050 4188 non
1072 4127 1222 4209 antiquis-

114 4225 201 4304 sima,
227 4233 333 4290 tamen
354 4223 418 4290 illis
440 4231 540 4316 magis
562 4227 706 4315 aequalia
729 4250 753 4300 sy.
777 4238 1046 4317 co,ntemporanea
1068 4227 1221 4303 offerant3
