2640 4764
591 198 634 265 89

58 401 130 444 rum
152 377 304 441 historiae
326 374 478 440 naturalis
501 386 779 462 perscrutatorum.
817 374 882 440 Cui
897 395 975 439 vero
992 396 1102 440 eorum
1117 397 1165 440 ar-

58 491 246 570 gumentum
270 503 287 544 e
310 490 422 545 natura
444 503 549 544 rerum
572 488 738 565 sumptum,
762 478 865 543 obiter
887 478 1022 564 quidem,
1043 501 1105 544 nec
1120 489 1165 544 ta-

58 607 135 650 men
164 583 400 648 inconsiderate
427 585 471 649 ibi
499 583 675 671 proditum,
705 581 821 646 debeat
843 584 994 661 Orosius,
1022 586 1074 647 vix
1098 586 1165 648 erui

59 692 178 777 possit:
202 698 307 752 tamen
330 692 423 754 etiam
447 693 476 755 ei
499 691 562 775 ipsi
584 688 646 751 boc
668 708 769 774 aeque
792 709 830 751 ac
851 685 949 752 finem
964 690 1075 774 capitis
1090 708 1166 752 con-

61 793 221 858 cedamus.
234 793 276 872 89)

149 897 188 960 ln
210 898 313 982 capite
334 897 445 981 quinto
468 894 549 958 libri·
564 898 656 981 primi
678 898 728 980 (p.
741 896 784 960 lo
799 897 880 980 sqq.)
904 894 945 958 de
967 894 1091 959 excidio
1107 895 1166 961 So·

60 1001 176 1066 domae
201 1010 233 1063 et
254 999 433 1064 Gomorrae
456 1003 530 1086 agit,
556 999 663 1085 ibique
686 1000 790 1063 Taciti
813 999 863 1080 (h.
879 1001 919 1075 V,
936 1001 988 1078 Ἰ),
1010 1009 1046 1062 ut
1067 1002 1168 1084 putat,

62 1104 103 1169 de
131 1101 285 1168 industria
313 1107 511 1180 reticentem,
538 1105 716 1189 iterumque
745 1125 780 1168 se
802 1102 992 1189 prodentem
1013 1107 1167 1168 narratio-

60 1229 136 1272 nem
166 1205 327 1285 emendat,
361 1206 470 1271 itidem
500 1229 562 1272 sec.
592 1209 733 1294 Moysen
766 1209 815 1287 (l,
839 1209 880 1272 19
904 1217 936 1271 et
957 1229 1002 1270 cc.
1023 1210 1166 1292 priora);

64 1315 251 1398 quamquam
275 1315 432 1397 expositio
456 1334 473 1375 a
495 1311 601 1375 verbis
624 1311 700 1375 inde
729 1312 788 1390 „In
812 1311 954 1375 confinio
973 1310 1110 1374 Arabiae
1134 1319 1167 1374 et

61 1415 286 1482 Palaestinae“
309 1425 369 1479 etc.
392 1420 444 1500 (p.
457 1417 525 1496 41.)
548 1415 589 1479 ad
612 1415 706 1480 alium
725 1414 882 1501 quendam
896 1419 1081 1501 propiorem
1096 1413 1167 1478 fon-

61 1531 127 1586 tem
150 1518 268 1583 ducere
289 1518 430 1597 videtur,
453 1541 545 1604 quem
567 1541 617 1583 me
640 1519 781 1583 nondum
804 1522 961 1604 reperisse
978 1518 1144 1603 profiteor.

152 1621 253 1688 Simili
280 1625 406 1686 ratione
435 1626 567 1710 corrigit
589 1625 727 1689 Orosius
750 1624 799 1701 (I,
815 1624 845 1686 8.
868 1647 900 1708 p.
912 1624 955 1687 48
971 1627 1051 1709 sqq.)
1075 1622 1168 1686 Iusti-

60 1749 140 1792 num
163 1726 327 1804 (xxxvl,
342 1728 394 1808 2.)
423 1726 511 1812 quod
540 1731 653 1793 attinet
673 1729 836 1792 historiam
858 1726 1001 1812 losephi3
1031 1747 1092 1790 nec
1112 1728 1168 1789 mi-

59 1853 123 1896 nus
150 1830 202 1894 hic
224 1832 359 1915 Moyses
389 1830 431 1908 (l,
448 1834 586 1897 41-47
611 1834 715 1917 impr.)
743 1832 994 1917 recognoscitur.
1045 1829 1167 1894 Ibidem

60 1939 115 2020 (p.
128 1936 195 2014 49.)
220 1946 252 1998 ct
273 1936 334 1998 iam
356 1938 490 2020 primum
512 1938 582 2020 ipse
604 1933 751 1999 laudatur
772 1937 916 2018 Moyses,

151 2038 257 2125 Magis
286 2038 368 2102 adeo
395 2018 478 2101 idem
502 2038 565 2116 (II,
590 2040 750 2118 1-14.),
779 2060 872 2123 quem
894 2036 1036 2101 secundo
1058 2035 1168 2103 laudat

59 2142 193 2221 Noster,
214 2141 305 2205 adest
327 2144 360 2204 in
378 2140 453 2206 loco
477 2143 519 2221 (l,
538 2144 587 2206 10.
610 2165 641 2227 p.
655 2144 822 2221 sal-56.)
845 2140 886 2206 de
902 2141 1011 2207 decem
1028 2143 1167 2229 Aegypti

59 2244 167 2333 plagis
190 2243 284 2309 etde
308 2244 412 2309 exodo
436 2245 661 2326 israelitarum,
688 2246 729 2310 ad
753 2245 985 2331 corripiendum
1009 2255 1041 2310 et
1063 2266 1168 2310 emen-

58 2346 202 2413 dandum
221 2351 333 2412 iterum
349 2350 502 2413 lustinum
518 2348 559 2430 (l.
572 2349 608 2430 l.)
624 2361 656 2414 et
671 2353 817 2414 Tacitum
840 2349 888 2430 (b.
901 2351 941 2428 V,
953 2351 1007 2429 3.).
1021 2352 1063 2430 ⁷⁰)
1102 2349 1168 2414 Sed

60 2473 156 2538 quam
179 2452 295 2516 ibidem
314 2456 365 2538 (p.
377 2454 436 2536 53.)
455 2456 791 2537 superstitiosissimam
808 2452 931 2518 addidit
944 2447 1184 2540 probationem

60 2555 152 2621 ducti
173 2555 309 2619 feliciter
330 2578 389 2641 per
410 2578 497 2619 mare
520 2556 648 2620 rubrum
671 2560 812 2644 agminis
836 2562 923 2622 cuius
943 2568 1032 2622 ortus
1047 2561 1099 2621 vix
1114 2556 1168 2621 de·

60 2659 288 2738 monstrabilis
313 2660 451 2724 libenter
474 2659 686 2725 concedamus
709 2662 829 2726 Orosio
852 2663 920 2745 ipsi,
943 2659 1167 2724 documentum

62 2783 142 2827 sane
163 2767 260 2828 nrirae
283 2763 491 2840 credulitatis,
514 2767 542 2828 si
562 2763 650 2828 bona
672 2763 738 2828 iide
762 2785 830 2828 eam
852 2767 987 2850 scripsit.
1000 2763 1042 2845 τι)

151 2869 333 2947 Praeterea,
357 2870 497 2954 quamvis
520 2870 553 2932 iu
574 2890 657 2933 nuce
679 2879 799 2933 tautum
822 2869 957 2954 Moyses
978 2866 1168 2953 praebeatur

64 3110 68 3115 ⁷
134 3111 186 3181 69)
211 3111 305 3169 Simile
333 3113 411 3189 quid,
438 3112 488 3168 sed
512 3132 566 3168 non
588 3111 660 3168 idem
683 3123 772 3169 exstat
795 3115 823 3169 in
844 3114 956 3170 Eusebii
978 3122 1055 3190 parte
1076 3116 1168 3190 priore

62 3198 109 3276 (p.
120 3193 222 3256 tested.
239 3197 302 3255 Maii
320 3209 347 3255 ct
365 3198 512 3268 Zohrab.),
535 3198 583 3254 ubi
607 3219 655 3255 sua
673 3209 759 3256 aetate
777 3200 805 3254 in
823 3198 936 3275 fastigiis
954 3198 1052 3255 Libani
1068 3203 1167 3258 montis

62 3286 247 3354 inventorum,
266 3296 347 3362 atque
365 3287 397 3342 ab
417 3288 478 3363 ipso
495 3287 616 3343 visorum
633 3287 747 3364 piscium
764 3288 897 3355 meminit,
919 3288 1035 3364 itemque
1053 3296 1083 3343 ut
1101 3286 1168 3345 dilu-

61 3372 100 3426 vii
124 3381 304 3445 argumentum
327 3372 355 3428 id
377 3371 488 3450 profert.
525 3369 605 3427 Unde
622 3393 687 3428 vero
705 3394 782 3429 nemo
801 3375 981 3449 cognitionem
997 3372 1078 3430 huius
1096 3376 1168 3451 prio-

61 3458 102 3512 ris
127 3477 235 3533 quoque
248 3458 395 3515 Eusebiani
412 3457 531 3513 chronici
549 3460 633 3534 partis
651 3458 779 3516 Orosium
797 3459 924 3514 habuisse
941 3461 1075 3514 coniicere
1092 3459 1168 3528 velit,

63 3563 160 3620 quum,
183 3563 217 3599 ne
234 3544 286 3599 alia
304 3544 439 3612 adiiciam,
461 3543 817 3621 Eusebium-Hieronymum
836 3547 943 3601 minime
959 3547 1031 3599 inter
1048 3546 1168 3601 nescien-

62 3637 106 3684 tes
124 3639 274 3706 temporum
292 3641 427 3687 auctorem
445 3641 494 3686 eto.
512 3632 648 3707 potuisset
665 3650 812 3687 numerare.

135 3716 186 3786 70)
210 3714 238 3773 P.
247 3720 290 3772 54.
313 3718 512 3794 „Quapropter
535 3717 596 3792 quia
614 3714 703 3790 Moysi
725 3737 818 3792 magno
843 3716 884 3774 illi
905 3716 967 3773 duci
987 3718 1168 3775 testimonium

63 3800 141 3857 ambo
164 3801 302 3870 dixerunt,
325 3803 357 3859 ab
380 3806 440 3881 ipso
465 3805 535 3859 sicut
557 3822 606 3879 per
629 3821 688 3857 euru
710 3811 737 3857 et
754 3813 829 3878 gesta
848 3812 875 3858 et
893 3803 964 3860 dicta
983 3812 1059 3872 sunt,
1080 3803 1168 3881 prole·

62 3890 188 3944 rentur.“

136 3974 183 4044 71)
210 3973 402 4031 Huiuscemodi
420 3995 477 4043 res,
501 3984 531 4030 ut
548 3985 576 4030 et
593 3973 781 4031 documentum
797 3972 865 4029 illud
884 3972 991 4043 diluvii,
1015 3995 1049 4031 ex
1067 3975 1168 4032 indicio

63 4058 183 4137 lapidum
205 4070 354 4137 sumptum,
376 4061 486 4118 credere
507 4060 572 4117 licet
595 4060 721 4117 Orosium
746 4061 861 4117 fortasse
884 4060 1033 4128 audivisse,
1056 4071 1102 4117 aut
1122 4061 1168 4117 ali·

64 4145 171 4221 quando
189 4145 301 4221 legisse,
323 4167 377 4203 uno
395 4148 478 4204 verbo
497 4149 611 4204 scivisse
629 4157 657 4203 et
674 4148 743 4205 locis
761 4147 816 4203 illis
835 4169 851 4204 e
869 4151 994 4205 memoria
1012 4150 1167 4206 inseruisse.

63 4231 120 4289 Ubi
139 4241 166 4288 et
183 4234 243 4310 ipse
260 4242 288 4288 et
305 4253 356 4290 nos
374 4233 473 4291 frustra
491 4234 591 4291 fontem
611 4244 712 4292 certum
730 4234 849 4292 indicare
866 4235 1027 4292 studeamus.
1141 4301 1143 4305 ,
