2640 4764
624 217 687 283 137

103 414 146 471 ap.
160 391 337 467 Scyllaceum.
365 412 417 447 sec.
426 391 484 448 Liv.
498 391 663 463 (CXXllIl)
677 391 806 448 CXXVII
820 401 847 447 et
859 391 1008 449 CXXVIII.
1029 391 1208 464 [animadver-

101 479 184 535 tenda
203 479 283 535 baec:
306 478 387 536 Oros.
407 479 503 534 scribit
519 477 691 556 Lepidum,
715 478 858 534 Caesarem
879 490 907 534 et
925 480 1070 536 Antonium
1089 501 1111 536 c.
1131 478 1206 535 Sext.

101 565 232 642 Pompeio
256 568 404 643 pepigisse,
429 588 509 643 quum
533 570 560 622 in
583 566 615 622 al.
636 563 797 642 etep.Liv.
817 568 941 621 nonnisi
962 565 1063 622 Caesar
1080 575 1108 620 et
1124 566 1209 622 Anto-

101 654 162 708 nius
180 651 309 726 legantur.
330 685 362 694 -—
381 652 488 708 Deinde
506 675 549 730 ap.
569 653 636 708 alios
656 670 794 705 numerum
812 653 918 707 navium
937 650 1030 721 (LX),
1050 653 1208 728 quibuscum

100 737 179 794 lllena
203 740 342 814 primum
364 738 398 794 ad
417 738 560 794 Caesarem
579 737 690 803 defecit,
710 735 855 792 desideras.
873 766 908 776 -
932 737 1058 814 Denique
1075 740 1121 814 qui
1140 738 1209 793 Oro·

102 826 143 878 sio
170 823 293 879 Statilius
318 823 437 891 Taurus,
460 827 483 879 is
508 825 567 881 aliis
590 822 691 880 Calais.
711 821 827 878 Sabinus
852 832 900 878 est.
939 823 969 878 ln
993 824 1120 880 duobus
1142 843 1208 880 vero

101 909 199 966 Nostri
218 909 356 986 praeliis
376 909 516 967 navalib.
537 913 680 988 praecipue
698 906 826 964 Livium
844 908 1051 987 deprehendas]

173 995 317 1051 Ventidius
336 995 450 1051 Parthos
473 1006 589 1074 superat.
622 994 719 1065 [verba
743 994 825 1050 babes
847 996 1002 1074 Eutropii
1021 996 1083 1064 Vll,
1101 998 1127 1052 3.
1146 994 1210 1051 inde

101 1104 117 1136 a
141 1080 194 1149 „L
207 1081 351 1138 Ventidius
369 1083 472 1138 Bassus
491 1115 525 1124 -
544 1080 722 1148 occiderat“.]
756 1081 890 1137 Antonius
914 1103 1005 1158 pacem
1028 1082 1092 1138 lacit
1114 1103 1135 1138 c.
1154 1082 1209 1138 An-

102 1168 196 1224 tiocho
216 1168 438 1244 (Commageno).
475 1168 617 1224 Ventidius
638 1168 667 1236 (l
680 1166 740 1221 aliis
754 1165 787 1222 G.
801 1166 944 1237 Sossius),
969 1169 1145 1242 Antigonum,
1167 1166 1210 1222 Iu·

103 1255 186 1312 daeos
206 1255 392 1322 debellantem,
410 1256 501 1310 vincit.
528 1274 580 1310 see.
599 1254 657 1312 Liv.
673 1253 820 1323 CXXVIII.
852 1253 1013 1325 [Ventidius
1032 1265 1106 1310 certe
1123 1253 1210 1310 falsis·
1274 1326 1277 1331 .

103 1344 171 1397 sime
188 1341 232 1397 hic
250 1345 356 1420 positus
375 1341 408 1396 ab
427 1341 548 1409 Oresio]

173 1428 250 1485 blena
268 1431 364 1484 iterum
382 1429 532 1502 iterumque
550 1427 693 1503 transfuga.
719 1426 796 1497 (Liv.
809 1427 948 1484 CXXVIII
961 1429 1020 1482 sive
1032 1425 1209 1495 CXXIXXI)

104 1516 223 1584 [numeri
247 1516 352 1570 navium
373 1512 434 1568 aliis
458 1513 568 1579 desunt;
592 1515 656 1569 item
680 1516 760 1583 tertio
778 1513 955 1587 transfugisse
973 1512 1090 1579 blenam,
1115 1532 1210 1587 quum

103 1601 141 1655 ab
160 1601 310 1679 Agrippa
330 1599 458 1677 praelio
478 1601 726 1656 circumventus
746 1610 844 1655 esset.
882 1599 1020 1655 Praeterea
1045 1601 1073 1653 in
1096 1597 1209 1673 siugulis

103 1684 138 1742 dc
156 1686 281 1743 incendio
300 1697 327 1742 et
345 1686 481 1760 naufragio
500 1684 596 1741 elassis
616 1685 793 1742 Caesarianae
812 1685 951 1741 dissensus
970 1706 993 1741 c.
1013 1684 1093 1753 aliis]

173 1794 200 1850 p.
210 1776 284 1830 434.;
308 1775 427 1851 Agrippa
445 1775 515 1827 inter
533 1771 618 1848 lllylas
638 1782 665 1828 et
684 1772 794 1850 Liparas
812 1775 903 1828 vincit.
917 1801 951 1813 -·
970 1770 1071 1827 Caesar
1088 1771 1122 1827 ad
1141 1770 1211 1827 Tau·

103 1861 245 1914 rominium
266 1861 367 1926 victus,
390 1861 418 1913 in
441 1858 543 1914 Italiam
567 1858 680 1933 aufugit,
703 1879 765 1914 mox
785 1858 856 1915 redit
873 1860 901 1914 in
921 1858 1054 1926 Siciliam,
1078 1857 1210 1936 Lepidum

104 1944 213 2000 obvium
231 1944 313 2000 habet
332 1945 427 2015 [verba
445 1956 603 2022 repetuntur
615 1945 726 2001 Sueton.
746 1945 813 2020 Aug.
833 1948 875 2000 16.
895 1944 954 2012 „lll.
967 1942 1098 2021 Lepidum
1118 1965 1210 2022 super·

103 2030 221 2086 bientem
240 2063 273 2073 -
293 2030 473 2087 vindicantem
481 2033 523 2101 “l.
565 2032 683 2108 Agrippa
706 2031 862 2108 Pompeium
883 2029 969 2086 navali
992 2031 1095 2108 praelio
1120 2031 1210 2086 devin-

104 2120 142 2172 cit
161 2116 333 2194 [discrepant
350 2120 453 2174 numeri
471 2118 602 2186 navium].
639 2116 737 2194 Lepidi
755 2137 798 2172 res
817 2126 915 2192 gestae,
933 2115 1053 2193 Lepidus
1072 2119 1209 2194 privatus:

105 2204 150 2273 [in
173 2203 255 2258 rebus
277 2202 390 2279 singulis
409 2207 614 2274 conversiones,
638 2206 663 2259 si
681 2224 749 2279 quae
767 2213 841 2269 sunt,
865 2224 915 2259 rer.
934 2205 1111 2272 notissimae,
1134 2224 1211 2281 prae·

103 2299 176 2345 terea
200 2292 228 2344 iu
251 2289 351 2344 ultimis
370 2312 396 2367 p.
407 2291 466 2360 433.
487 2290 575 2346 Suet.
595 2292 735 2365 cognoscis
753 2288 771 2345 l.
790 2289 870 2345 modo
889 2289 919 2358 l]
964 2311 991 2367 p.
1000 2293 1076 2346 l35.:
1105 2289 1210 2346 Taurus

104 2376 225 2431 Siciliam
250 2376 425 2444 (lAlrieaml
454 2377 485 2432 cl.
509 2376 613 2432 Fabric.
637 2377 670 2432 ad
696 2376 721 2431 b.
740 2375 758 2431 l.
783 2385 838 2432 not.
853 2376 915 2446 40.)
938 2379 1042 2454 recipit.
1073 2398 1127 2433 sec.
1149 2376 1209 2433 Liv.

104 2461 231 2518 CXXIX.
269 2461 412 2519 Tumultus
430 2463 552 2520 militum.
588 2463 669 2518 XXX
687 2462 740 2519 mil.
760 2484 862 2519 servor.
881 2462 996 2518 dominis
1015 2466 1153 2529 restituta,
1172 2461 1211 2519 Vl

103 2548 158 2604 mil.
183 2551 211 2603 in
235 2569 339 2604 crucem
363 2560 429 2605 acta.
464 2550 582 2618 [numeri
606 2570 691 2625 paene
713 2549 836 2604 omnibus
859 2549 919 2605 aliis
945 2549 1073 2618 desunt]
1110 2549 1212 2606 Caesar

104 2656 188 2692 ovans
212 2636 304 2690 urbem
327 2637 480 2710 ingressus,
503 2635 565 2690 trib.
588 2645 749 2711 potestatem
772 2638 975 2712 inperpetuum
994 2637 1091 2710 accipit
1116 2636 1211 2710 [quam

105 2720 213 2797 quidern
230 2720 315 2777 multo
333 2732 398 2800 post
416 2721 521 2777 demum
540 2724 678 2799 accepisse
695 2720 810 2777 videtur.
833 2719 867 2777 cl.
881 2720 939 2777 last.
953 2721 1110 2799 Capitolin,
1129 2721 1210 2778 Dion.

104 2808 184 2864 Cass.
197 2807 265 2874 thl,
278 2812 321 2863 32.
352 2808 470 2884 Zumptii
488 2829 546 2864 ann.
566 2807 600 2863 ad
618 2828 658 2862 an.
678 2808 792 2876 u.731.]
812 2828 865 2863 see.
878 2805 936 2862 Liv.
952 2806 969 2864 l.
982 2806 1000 2863 l.
1020 2817 1047 2861 et
1060 2805 1193 2862 CXXXI?

176 2892 227 2962 Vl,
246 2897 287 2949 19.
313 2912 339 2970 p:
355 2897 407 2950 436
420 2927 449 2937 -
463 2897 535 2950 olor
560 2896 695 2950 Antonius
719 2903 811 2973 contra
835 2894 957 2951 Parthos.
986 2893 1077 2951 eLiv.
1097 2893 1210 2951 CXXX.

106 2981 290 3057 Inpostquam
308 2981 422 3037 Araxcm
440 2983 610 3037 transmisit“
632 3015 661 3024 -
681 3000 745 3036 num
763 2981 928 3038 ascendens?
947 2984 1015 3050 „vix
1032 2981 1139 3037 tandem
1156 2981 1212 3037 An·

103 3063 232 3121 tiochiam
252 3087 274 3121 c.
292 3069 385 3142 paucis
404 3067 514 3124 rediit“.
541 3087 596 3123 non
614 3077 706 3122 contra
725 3068 997 3135 verisimilitudinem,
1017 3067 1065 3124 sed
1084 3071 1130 3124 vix
1146 3066 1212 3125 alibi

103 3151 314 3228 reperiendum]
353 3153 440 3221 „Inde
463 3156 491 3208 in
509 3153 648 3210 Graeciam
670 3155 789 3220 transiit,
813 3156 945 3229 iussitque
962 3152 1140 3230 Pompeium“
1160 3163 1212 3210 ete.

105 3237 196 3313 [quod
221 3237 329 3306 falsum,
353 3259 434 3314 quum
451 3240 586 3295 Antonius
604 3239 684 3316 paulo
703 3249 767 3316 post
784 3238 846 3296 bell.
866 3239 1018 3296 Parthicum
1036 3259 1091 3294 non
1108 3240 1213 3294 veniret

104 3326 134 3379 in
154 3322 301 3396 Graeciam,
320 3346 371 3383 nee
389 3327 463 3384 Sext.
476 3327 631 3405 Pompeium
650 3325 702 3381 huc
721 3322 858 3381 arcessere
875 3337 977 3404 posset.
1006 3325 1039 3383 cl.
1058 3325 1128 3382 Plut.
1146 3325 1211 3381 Ant.

104 3414 141 3466 50
154 3430 212 3485 sqq.
241 3411 312 3487 App.
331 3412 356 3467 b.
377 3433 399 3468 c.
419 3412 452 3481 V,
469 3417 518 3469 133
530 3433 589 3488 sqq.
618 3412 698 3467 Dion.
719 3412 797 3467 Cass.
816 3411 914 3479 XLIX,
927 3417 961 3469 31
975 3434 1034 3489 sqq.
1058 3412 1130 3468 unde
1147 3411 1212 3467 divi·

104 3516 170 3552 nare
194 3495 269 3565 lieet,
295 3498 514 3573 quemadmodum
536 3498 603 3553 haec
625 3500 654 3553 in
672 3496 749 3553 Livio
771 3497 871 3553 luerint
889 3497 1146 3573 narrata,'indeque
1164 3517 1212 3552 sua

105 3585 160 3639 sibi
178 3583 286 3638 finxerit
305 3584 441 3660 negligens
460 3584 598 3652 Orosius]
628 3584 725 3640 Exitus
745 3583 771 3639 S.
792 3586 924 3661 Pompeii.
956 3585 1058 3641 Caesar
1075 3582 1213 3657 Illyricum

105 3679 158 3725 etc.
178 3669 286 3744 subigit.
317 3672 452 3728 Antonios
471 3671 631 3726 Artabanem
651 3670 727 3738 (aliis
747 3671 843 3726 omnib.
864 3671 1028 3727 Artavasdes
1048 3670 1106 3739 est)
1126 3670 1210 3745 capit:

106 3758 219 3830 eiusque
237 3755 370 3813 thesauris
388 3760 501 3835 potitus,
521 3759 624 3833 [usque
640 3755 693 3811 bue
710 3755 796 3813 eLiv.
809 3757 946 3825 CXXXI]
966 3757 1097 3823 „elatus
1115 3775 1212 3831 pecu·

105 3845 182 3898 nia“
202 3840 315 3899 Caesari
333 3843 434 3900 bellum
453 3843 547 3899 indicit
566 3853 615 3898 ete.
637 3844 721 3918 [quae
739 3845 836 3920 partim
854 3841 1010 3898 verisimilia
1026 3841 1090 3897 alibi
1102 3862 1157 3897 non
1168 3841 1213 3896 ba·

105 3929 170 3995 bes3
188 3932 285 4005 partim
304 3950 366 3985 vere
384 3930 526 3996 Orusiena,
545 3940 675 4005 quatenus
693 3929 822 3985 historiae
841 3928 1014 3984 adversentur
1032 3927 1157 3984 facillime
1175 3928 1213 3983 in-

105 4012 229 4090 telligis]
249 4014 444 4093 „Cleopatram
462 4017 516 4072 sibi
534 4037 567 4071 ex
579 4013 741 4071 Alexandria
760 4035 900 4071 occurrere
915 4017 1051 4093 imperat“
1072 4013 1194 4084 [tumlll

179 4122 205 4178 p.
216 4103 291 4156 437·:
310 4102 443 4159 Antonius
462 4103 569 4159 Actium
588 4101 776 4177 proficiscitur.
797 4102 866 4171 [uon
885 4101 1029 4169 accurate]
1050 4098 1214 4178 [apophthe-

105 4207 166 4264 gma
184 4187 219 4243 de
237 4188 357 4262 remigib.
376 4187 408 4243 al.
427 4210 481 4245 non
500 4188 611 4257 inveni]
643 4185 744 4243 Caesar
764 4188 820 4243 abit
836 4189 865 4243 in
882 4187 1002 4264 Epirum.
1033 4188 1153 4262 Agrippa
1170 4206 1214 4241 na·

107 4293 158 4332 ves
185 4273 298 4332 Antonii
326 4277 460 4332 onerarias
488 4277 572 4352 capit,
595 4273 747 4332 bletbonara
775 4283 920 4354 expugnat;
949 4283 1043 4352 postea
1066 4271 1214 4347 Corcyram
