2640 4764
59 181 126 251 ret,
159 192 229 236 eum
259 191 319 256 qua
348 192 419 236 sese
447 175 612 260 praecipiti
641 173 848 238 festinatione
874 173 914 238 ad
936 196 1049 241 navem
1072 180 1174 263 rapie-

59 277 132 354 bat,
155 278 189 338 in
212 273 372 360 quoddam
396 280 570 364 navigium,
597 276 684 362 quod
707 276 772 341 alio
794 277 866 341 vela
889 277 1024 360 laceret,
1053 284 1172 368 ingres-

60 403 132 446 sum
157 401 242 455 esse,
272 389 408 443 attamen
431 381 505 444 Deo
535 403 658 445 cursum
681 379 765 444 illius
789 380 991 463 moderante,
1021 386 1060 450 ad
1085 407 1171 450 oram

61 484 258 571 applicuisse
281 481 494 548 Africanam.“
512 487 552 564 ¹⁷)

152 587 292 652 Educeri
315 586 353 649 ah
371 586 553 675 Augustino
579 587 619 651 de
641 587 783 672 pluribus
807 589 964 673 cupiebat,
986 590 1125 676 ideoque
1142 597 1172 658 ei

60 690 332 756 consultationem
354 693 422 754 sive
446 693 722 755 commonitorium
736 692 777 770 ¹⁸)
800 691 937 770 tradidit,
960 714 1021 778 qua
1040 697 1170 759 maxime

59 795 102 859 de
126 798 249 858 animae
272 796 398 880 origine
420 795 496 880 quid
519 799 650 860 sentiret
673 795 789 859 doctor
810 795 865 860 ille
887 818 1037 884 magum,
1069 820 1105 862 ex
1129 819 1169 863 co

58 901 215 964 sciscitari
237 897 368 962 studuit.

149 1001 265 1066 Iisdem
290 1002 357 1065 fere
382 1001 494 1066 diebus
510 1002 707 1090 Augustinus
731 1006 764 1066 in
786 1003 961 1068 scribendis
984 1003 1025 1068 de
1044 1008 1169 1070 civitate

58 1110 125 1172 Dei
146 1105 237 1170 libris
259 1105 453 1184 versabatur,
472 1108 512 1185 ¹⁹)
535 1107 568 1170 id
592 1107 687 1193 quod,
711 1129 806 1192 quum
828 1106 1031 1196 postmodum
1049 1111 1169 1193 quomi-

57 1234 120 1276 nus
149 1231 216 1274 uno
246 1231 303 1274 eos
333 1209 509 1274 conficeret
530 1222 643 1275 tenore
666 1210 887 1296 impediretur,
917 1234 1010 1276 causa
1032 1213 1168 1277 fortasse

57 1317 128 1394 fuit,
151 1324 187 1378 ut
202 1315 356 1379 Orosium
379 1312 419 1376 ad
442 1314 554 1378 similia
573 1314 717 1390 tendens,
740 1315 797 1378 sed
814 1313 1069 1400 compendiosius
1086 1336 1167 1400 opus

56 1421 243 1484 historicum
267 1420 425 1481 excitaret.
437 1418 480 1496 2⁰)
518 1417 617 1502 Quod
632 1419 754 1481 Noster
774 1439 847 1482 mox
869 1429 1052 1504 susceptum
1067 1441 1167 1504 usque

56 1522 99 1586 ad
128 1525 270 1608 quintum
300 1520 425 1606 quidem
456 1520 569 1584 librum
599 1532 675 1585 tunc
703 1522 881 1586 absolvisse
909 1523 1100 1602 videtur.²¹)
1126 1560 1165 1573 -

55 1625 110 1690 Ad
133 1627 407 1688 commonitorium
424 1625 620 1712 Augustinus
644 1625 733 1690 brevi
756 1637 891 1703 „eontra
914 1625 1166 1690 Priscillianistas

57 1739 91 1794 et
112 1729 313 1816 Origenistas
337 1729 378 1792 ad
396 1729 572 1793 Orosium“
589 1730 631 1809 ²²)
655 1728 767 1792 libello
790 1729 965 1814 respondit,
989 1727 1167 1813 codemque

56 1845 203 1919 tempore
226 1832 391 1896 admonuit
415 1854 499 1909 eum,
522 1847 558 1896 ut
580 1831 620 1895 ad
643 1854 678 1896 se
701 1831 813 1896 melius
836 1832 1069 1896 informandum
1092 1834 1166 1897 Hie-

54 1959 229 2023 ronymum
244 1945 377 2021 peteret,
392 1945 469 2000 tunc
484 1935 669 2000 Bethlehem
686 1939 719 2000 in
736 1935 915 2000 Palaestina
931 1936 1110 2024 degentem.
1123 1937 1165 2016 ²³)

130 2187 182 2255 17)
201 2184 264 2242 Vita
286 2185 430 2262 Augustini
453 2186 504 2243 adi.
529 2208 591 2265 opp.
614 2190 645 2245 ei.
669 2190 697 2243 in
721 2187 762 2243 ed.
781 2187 882 2243 Bened.
906 2187 923 2244 l.
937 2186 991 2244 Vll.
1017 2206 1039 2245 e.
1052 2191 1076 2246 8.
1100 2187 1163 2258 Μ.

55 2274 97 2330 ed.
112 2271 205 2329 Antw.
230 2271 305 2328 Tom.
319 2272 367 2328 Xl.
392 2272 518 2330 cohart
532 2295 571 2351 sq.

129 2361 180 2427 18)
201 2357 325 2413 Censuit.
344 2361 402 2414 sive
420 2380 550 2415 common.
570 2359 663 2416 Oresii
683 2359 717 2415 ad
734 2359 875 2434 Angustin.
896 2359 930 2415 de
948 2380 1039 2415 errore
1056 2358 1164 2414 Priscil-

53 2449 223 2503 lianistarum
242 2454 269 2498 et
282 2444 504 2519 Origenistarum.
528 2448 556 2502 in
569 2467 631 2524 opp.
643 2449 711 2520 Aug.
731 2445 771 2501 ed.
782 2444 883 2501 Bened.
903 2445 987 2500 Paris.
1008 2445 1084 2501 Tom.
1094 2443 1163 2500 VllI.

56 2533 290 2591 coitur-610.
370 2592 372 2596 ,

129 2619 179 2688 19)
204 2616 246 2674 Cf.
271 2617 410 2692 Augustin.
430 2627 548 2674 retraett.
567 2618 583 2673 l.
596 2617 626 2674 ll.
647 2619 722 2674 ets.
747 2627 774 2673 et
798 2616 893 2672 Orosii
915 2615 1011 2672 histor.
1029 2615 1111 2692 prael.
1130 2614 1164 2670 ad

55 2707 170 2782 August.
195 2726 221 2782 p.
232 2707 257 2759 4.

126 2794 178 2859 20)
197 2789 283 2847 Praei.
303 2790 396 2846 Orosii
415 2790 432 2846 l.
456 2811 483 2868 p.
498 2796 513 2845 1
527 2796 590 2847 etd.

126 2877 179 2947 21)
198 2875 242 2932 cf.
262 2876 354 2932 histor.
373 2874 409 2944 V,
427 2881 452 2932 2.
471 2899 497 2954 p.
507 2880 567 2934 288.
593 2896 686 2945 „nnnc
708 2895 751 2930 me
769 2873 861 2931 Africa
881 2885 935 2931 tam
953 2875 1070 2932 libenter
1088 2893 1163 2930 exce·

56 2966 123 3044 pit“
142 2973 191 3020 ete.
230 2963 307 3036 Quae
325 2965 349 3019 si
368 2966 517 3019 accuratius
535 2964 664 3038 inspicis,
686 2963 733 3016 vix
750 2963 787 3015 ita
804 2970 921 3037 possunt
938 2960 1067 3033 intelligi,
1090 2980 1120 3014 ao
1137 2961 1170 3028 si,

58 3052 176 3109 Orosius
200 3059 264 3127 post
286 3047 419 3105 infelicem
443 3069 482 3104 an.
503 3050 555 3104 416
577 3048 680 3103 reditus
701 3055 839 3113 conatum,
862 3045 895 3101 de
913 3048 999 3124 patria
1018 3047 1115 3100 amissa
1132 3064 1163 3100 se

56 3137 251 3195 consolaretur.
281 3135 422 3191 Praeterea
440 3145 496 3191 tres
511 3135 598 3191 ultimi
609 3132 682 3201 libri,
701 3153 734 3188 ne
747 3133 833 3188 dicam
846 3152 937 3188 omnes
950 3142 1063 3210 septem,
1082 3149 1164 3206 quum

57 3244 124 3281 sane
149 3243 163 3278 e
185 3221 362 3278 dedicationis
382 3223 426 3298 (p.
439 3221 482 3292 d.)
502 3221 592 3277 verbis
611 3221 784 3294 interruptam
802 3220 978 3295 scriptionem
995 3217 1116 3273 divinare
1132 3215 1169 3282 li<

58 3320 131 3378 eeat,
149 3311 233 3364 maius
252 3310 306 3364 sint
325 3329 407 3386 opus,
427 3329 505 3385 quam
525 3306 597 3384 qued
615 3304 766 3361 confectum
784 3303 877 3360 eredas
896 3313 1017 3380 tempore
1035 3303 1106 3357 inter
1123 3320 1163 3356 re·

58 3397 145 3452 ditum
163 3415 177 3450 e
194 3393 343 3451 Palaestina
365 3405 392 3450 et
409 3394 491 3450 finem
508 3394 680 3450 historiarum
698 3389 896 3458 intercedente,
918 3391 943 3446 si
961 3407 1049 3444 rerum
1066 3385 1162 3442 iisdem

58 3480 155 3538 diebus
173 3503 187 3535 a
205 3478 308 3536 Nostro
325 3491 459 3555 gestarum
476 3480 635 3537 memineris.

129 3567 182 3635 22)
206 3565 248 3622 cf.
268 3567 381 3642 August.
401 3576 517 3622 retraett.
536 3565 573 3632 ll,
592 3565 634 3619 ld.

130 3654 183 3722 23)
208 3651 252 3708 Cf.
275 3674 336 3731 epp.
355 3653 423 3728 Aug.
441 3652 469 3708 ll.
493 3652 527 3709 ad
550 3652 660 3708 Hieron.
681 3660 708 3704 et
729 3649 816 3706 Euod.
863 3647 892 3703 ln
915 3648 1006 3724 priore
1034 3644 1163 3713 „Deinde

58 3738 140 3796 docui
157 3739 292 3794 hominem
312 3737 384 3815 quod
402 3741 491 3816 potuit
511 3738 584 3816 quod
602 3746 690 3792 autem
707 3756 762 3792 non
780 3735 871 3813 potui,
889 3731 961 3788 unde
979 3730 1083 3787 discere
1100 3751 1162 3809 pos·

58 3836 101 3882 set
126 3825 266 3893 admonui,
289 3835 368 3900 atque
389 3834 419 3879 nt
437 3835 464 3880 at
481 3835 509 3880 te
526 3827 578 3880 iret
595 3821 717 3877 hortatus
736 3821 825 3878 sum.“
859 3827 887 3873 et
904 3820 932 3874 in
951 3816 1033 3874 altera
1056 3817 1162 3884 „Ocea-

58 3915 165 3968 sionem
183 3913 283 3988 quippe
301 3909 437 3967 cuiusdam
456 3910 618 3966 sanctissimi
636 3917 663 3964 et
680 3905 873 3962 studiosissimi
892 3906 996 3961 iuvenis
1009 3901 1163 3982 presbyteri

59 3997 157 4054 Orosii
176 4029 207 4039 -
227 3998 347 4053 amittere
370 3997 456 4064 nolui,
480 3999 535 4062 cui,
558 4006 588 4052 nt
608 3994 642 4051 ad
660 3993 735 4050 illum
754 3991 963 4066 (Hieronymum
981 3990 1037 4054 sc.)
1057 4007 1163 4064 quoque

59 4094 198 4161 pergeret,
222 4084 350 4160 persuasi.
358 4085 375 4112 ‘⁶
394 4116 426 4124 —
452 4081 518 4157 Aug.
543 4081 602 4139 adr.
625 4080 740 4137 Priscill.
765 4088 792 4134 et
813 4078 922 4153 Origen.
941 4075 974 4132 ad
996 4075 1077 4131 Oros.
1096 4083 1162 4130 extr.
