2640 4764
643 177 685 244 87

103 379 164 421 sua
196 357 334 440 capitum
357 353 483 418 illorum
507 353 705 433 „fabularum
728 357 913 440 scriptores,
944 354 1044 440 qualis
1066 357 1214 445 Hyginus

104 470 138 525 et
164 459 244 524 alii“
272 459 378 522 fontes
407 456 540 535 indicat,
568 479 645 521 sane
674 461 778 523 minus
806 467 891 522 recte
921 469 954 522 et
981 461 1072 522 nimis
1103 458 1215 524 leviter

105 567 213 651 egisse
235 561 368 625 videtur.
408 563 489 626 Nam
513 563 540 624 si
564 561 737 626 contuleris
758 563 919 628 Orosiana
941 562 1003 626 huc
1024 566 1214 647 pertinentia

105 689 178 731 cum
209 667 342 752 Hygino
372 675 404 728 et
432 665 501 729 ahis
531 663 725 753 (Fulgentio
756 676 787 729 et
814 667 980 729 Lactantio
1008 664 1153 745 Placido,
1179 676 1215 731 ut

104 771 210 857 longe
237 771 435 855 posteriores
465 771 620 845 omittam,
651 789 784 854 quorum
813 770 845 832 hi
868 789 935 832 non
958 770 1018 831 nisi
1041 768 1080 832 ad
1103 771 1214 833 Nostri

105 875 216 939 fontes
238 877 419 958 potuissent
441 872 609 954 ducere)
635 870 681 935 nil
703 871 799 956 plane
821 871 960 935 resultat.
1012 871 1076 936 Sed
1098 875 1213 957 potius,

104 988 142 1043 ut
164 981 227 1042 iam
249 975 307 1041 sub
330 975 698 1060 Eusebio-Hieronymo
722 974 932 1064 significatum
956 983 1018 1051 est,
1040 996 1091 1039 res
1114 978 1157 1039 ita
1179 997 1213 1040 se

104 1078 228 1145 habere
249 1079 389 1144 videtur:
421 1082 568 1164 antiquae
591 1078 720 1143 fabulae
745 1101 762 1143 e
785 1077 867 1143 ludis
891 1077 1052 1156 literariis,
1075 1088 1107 1142 et
1128 1078 1214 1142 thea-

105 1187 162 1250 tris
192 1185 342 1261 lortasse‚
372 1204 473 1268 aeque
495 1184 615 1248 Orosio
646 1193 741 1268 atque
771 1186 838 1246 eius
861 1181 1046 1268 aequalibus
1068 1183 1213 1246 innotue-

104 1298 180 1353 rant
202 1298 234 1354 et
255 1286 476 1365 inhaerebant,
506 1296 560 1351 aut
584 1290 611 1349 si
634 1290 703 1372 quis
726 1289 827 1350 minus
850 1295 1032 1372 perspectas
1055 1285 1214 1350 habuisset

105 1414 176 1472 eas,
205 1391 386 1475 ubicunque
416 1391 456 1455 ad
488 1390 729 1478 cognoscendas
757 1390 859 1455 facilis
883 1394 913 1454 ei
935 1399 1002 1454 erat
1024 1388 1141 1464 aditus3
1169 1391 1213 1453 ita

104 1507 143 1561 ut
164 1498 343 1560 notissimas
367 1515 420 1558 eas
444 1492 576 1558 credere
592 1503 624 1557 et
639 1504 773 1557 tractare
788 1498 930 1578 potuerit
943 1494 1073 1556 Noster.
1112 1490 1212 1557 Cuius

104 1601 153 1663 rei
183 1597 374 1663 documenta
402 1618 441 1661 ex
464 1598 585 1662 Orosio
612 1599 683 1682 ipso
706 1608 841 1683 possunt
865 1597 984 1660 afferri:
1012 1616 1084 1658 narn
1107 1596 1137 1672 Ι,
1160 1596 1211 1659 12.

104 1726 136 1788 p.
148 1704 201 1766 61.
231 1700 382 1781 „Taedet
403 1703 510 1778 etiam,
538 1703 654 1786 inquit,
684 1704 783 1786 ipsius
806 1700 935 1787 Pelopis
958 1710 1069 1763 contra
1091 1698 1212 1763 Darda·

104 1828 182 1870 num
212 1816 306 1891 atque
336 1807 512 1883 Troianos,
541 1804 714 1890 quamlibet
741 1827 855 1892 magna
883 1805 1004 1868 referre
1028 1804 1212 1866 certamina:

105 1929 207 1995 quae
238 1911 328 1993 quia
357 1912 397 1972 in
425 1908 578 1974 fabulis
605 1908 809 1973 celebrari
831 1906 955 1971 solita
978 1920 1083 1984 sunt,
1112 1905 1213 1993 negli-

105 2014 236 2101 gentius
259 2010 457 2076 audiuntur.“
492 2014 579 2076 Dein
602 2012 693 2089 1,17.
717 2036 748 2097 p.
762 2014 806 2094 ll.
829 2020 905 2096 post
926 2020 1131 2074 memoratum
1146 2009 1213 2086 bel,-

100 2115 172 2181 -lum
196 2117 369 2178 Troianum
400 2126 431 2180 et
452 2117 625 2182 Homerum
652 2136 736 2194 „nec
765 2137 823 2200 per
852 2114 997 2178 ordinem
1023 2135 1111 2178 nunc·
1130 2125 1213 2180 rete-

104 2240 181 2285 xere
205 2228 347 2282 nostrum
372 2229 428 2297 est,
456 2223 527 2305 quia
552 2230 583 2284 et
606 2223 698 2305 operi
720 2218 853 2306 longum
878 2228 915 2282 et
939 2217 1121 2281 omnibus
1143 2238 1212 2282 no-

106 2334 187 2388 tum
207 2321 363 2386 videtum.
402 2323 550 2408 Denique
573 2327 596 2401 l,
613 2326 664 2388 18.
688 2348 719 2409 p.
734 2326 786 2388 72.
810 2323 852 2387 de
868 2324 996 2387 Aeneae
1019 2321 1157 2386 adventu
1179 2324 1212 2384 in

104 2425 229 2519 ltaliam
254 2436 312 2490 etc
343 2425 451 2503 „ludi
479 2426 658 2491 literarii
684 2426 904 2512 disciplina
926 2435 1093 2490 nostrae
1116 2446 1212 2510 quo-

105 2553 182 2616 que
207 2533 418 2594 memoriae
439 2534 615 2594 inustum
639 2537 731 2594 est“.
783 2530 918 2595 Sullecit
946 2531 1044 2614 igitur
1073 2548 1090 2590 e
1119 2529 1212 2613 copia

104 2633 283 2699 fabularum
306 2637 438 2700 maxime
459 2632 604 2698 horridas
628 2632 747 2720 eligere
771 2642 803 2696 et
825 2631 939 2696 ordine
962 2628 1099 2716 quodam
1123 2631 1212 2695 chro-

105 2738 262 2825 nologico
285 2738 453 2825 dispositas
476 2739 568 2824 operi
590 2739 650 2821 ipsi
670 2739 824 2801 inserere:
847 2733 910 2814 ubi,
931 2744 968 2798 ut
984 2732 1127 2812 vidimus,
1149 2734 1212 2796 Eu-

107 2842 216 2907 sebius
246 2851 278 2905 et
305 2863 356 2907 res
387 2853 418 2907 et
441 2841 584 2907 ordinem
607 2862 714 2904 earum
737 2838 966 2925 suppeditavit,
995 2858 1076 2922 quae
1100 2857 1137 2900 ex
1160 2856 1212 2899 co-

104 2949 253 3036 gnitione
282 2948 381 3030 ipsius
406 2947 529 3023 Orosii,
557 2948 590 3009 in
618 2947 666 3008 his
691 2943 817 3028 quidem
838 2945 927 3028 parci
949 2963 1010 3006 nec
1031 2943 1115 3005 iusto
1137 2959 1212 3024 pro-

107 3051 251 3128 lusioris,
274 3060 385 3114 auctae
407 3048 678 3135 amplificataeque
702 3057 784 3111 sunt.

197 3153 271 3238 Qua
296 3155 423 3217 ratione
444 3156 545 3237 capita
569 3156 597 3231 7,
620 3155 649 3230 9,
673 3152 737 3231 (10
758 3153 790 3214 in
806 3148 898 3228 fin),
923 3150 979 3226 ll,
1004 3149 1060 3226 12,
1084 3149 1138 3223 13,
1162 3149 1212 3224 17,

111 3260 162 3335 18,
183 3257 266 3322 adeo
289 3259 333 3321 20
356 3256 428 3321 libri
450 3260 542 3342 primi
565 3267 635 3322 orta
658 3257 817 3339 accipiam.
856 3253 1024 3316 Praeterea
1045 3254 1080 3315 in
1096 3251 1211 3336 mythis

109 3371 142 3425 et
165 3360 280 3425 fabulis
303 3372 445 3425 veterum
467 3360 550 3426 bene
572 3370 716 3424 versatos
734 3359 888 3423 Nostrum
912 3366 944 3420 et
966 3355 1115 3441 aequales
1138 3354 1213 3419 alibi

109 3485 237 3551 quoque
267 3467 504 3551 cognoscimus,
534 3485 629 3549 quum
651 3463 707 3541 VI,
724 3464 775 3527 17.
801 3485 833 3547 p.
846 3464 920 3526 427.
949 3480 1054 3545 neque
1083 3457 1212 3542 illepide

108 3567 248 3632 Medeae
275 3566 374 3646 illius,
404 3577 436 3632 et
457 3569 528 3648 Vll,
545 3570 574 3632 1.
597 3593 628 3654 p.
641 3570 715 3632 453.
738 3567 824 3630 Iovis
853 3584 985 3629 acervos
1013 3562 1212 3626 formicarum

109 3675 143 3735 in
167 3671 309 3734 homiues
333 3674 479 3735 mutantis
502 3674 685 3736 meminerit.

198 3773 232 3837 Si
266 3773 470 3839 nihilominus
500 3778 570 3860 quis
597 3772 773 3838 fabularum
803 3771 912 3835 Orosii
941 3770 1047 3834 fontes
1076 3778 1211 3853 quaerat,

109 3888 224 3965 poetas
252 3880 468 3943 Romanorum
499 3889 637 3956 veteres,
665 3897 742 3963 prae
769 3877 900 3939 caeteris
924 3873 1075 3939 Ovidium
1097 3876 1212 3950 (meta-

110 3982 318 4068 morphoses)
344 3971 375 4075 et
398 3982 567 4072 Virgilium
591 4004 647 4047 eos
671 3980 846 4045 arbitretur.
