2640 4764
650 143 716 239 'm

143 349 245 416 solum
279 372 317 414 ex
349 370 438 413 more
471 353 660 436 scriptorum
695 355 806 416 aetatis
835 372 912 415 suae
943 349 1036 415 facile
1066 351 1248 440 ubicunque

142 453 420 518 animadvertenda
443 457 569 539 poetica
583 459 697 540 passim
713 455 854 519 dictione
866 456 908 534 ²¹)
931 474 1085 520 exornare
1100 479 1166 535 sua,
1190 457 1249 522 sed

143 561 235 622 etiam
257 561 408 622 scientem
433 568 465 621 et
488 570 523 622 ut
545 558 674 624 adiuvet
696 582 820 623 causam
835 582 932 637 suam,
954 563 1080 645 saepius
1097 560 1179 624 lacte
1195 583 1249 624 va-

141 663 221 725 rium
244 664 277 724 in
299 660 428 726 modum
450 662 613 748 paulisper
637 667 799 728 immutare
822 674 853 727 et
874 666 1101 742 invertere.²²)
1146 664 1248 748 Quod

143 763 280 828 efficitur
301 786 359 850 per
379 768 579 851 positionem,
604 767 821 856 coniungendi
845 789 913 831 cum
937 766 1006 830 aliis
1029 767 1166 845 modum,
1188 791 1249 853 per
1269 851 1271 855 Α

141 867 266 954 singula
289 869 396 947 verba,
420 869 628 950 elocutiones,
650 894 707 958 per
730 875 844 936 omissa
868 883 900 935 et
920 893 979 956 per
993 871 1098 947 ascita,
1122 871 1164 935 de
1180 874 1249 957 qui-

141 971 202 1036 bus
230 977 343 1058 partim
372 976 434 1037 iam
463 985 557 1038 antea
585 975 701 1041 dictum
729 986 791 1052 est,
821 986 853 1039 et
874 998 933 1061 per
956 997 1036 1060 quae
1058 975 1120 1038 alia
1142 975 1247 1040 media

140 1077 371 1158 minusculaw)
392 1101 497 1142 rerum
522 1088 554 1142 et
576 1080 731 1143 factorum
753 1080 877 1144 habitus
893 1089 1001 1164 potest
1015 1082 1181 1156 immutari,
1202 1082 1248 1143 ita

141 1191 247 1246 tomen
275 1193 310 1247 ut
338 1181 491 1246 contendi
518 1193 671 1268 nequeat,
700 1205 775 1247 vera
804 1185 837 1245 in
866 1204 942 1246 vere
970 1181 1050 1246 falsa
1078 1204 1148 1246 esse
1171 1204 1248 1246 con-

140 1308 241 1350 versa.
280 1288 338 1350 His
361 1308 439 1351 vero
462 1290 495 1349 in
518 1288 614 1351 rebus
637 1291 763 1373 saepius
786 1307 891 1350 crasse
915 1297 947 1350 et
967 1288 1154 1371 insipienter
1172 1290 1248 1375 agit,

141 1393 168 1454 si
190 1414 219 1453 v.
243 1414 268 1454 c.
292 1391 457 1456 nonnullis
486 1394 519 1455 in
549 1391 629 1455 locis
656 1413 768 1455 nexum
792 1388 956 1476 quemdam
979 1412 1098 1467 rerum,
1126 1412 1247 1454 novum

140 1493 230 1558 illum
252 1517 337 1575 saue,
362 1494 419 1559 scd
441 1505 490 1558 sat
513 1498 655 1582 ineptum
679 1505 712 1559 et
734 1495 800 1557 lere
822 1493 989 1558 ridiculum
1012 1493 1072 1556 sibi
1094 1493 1190 1581 fingit
1216 1504 1248 1558 et

77 1595 80 1600 ’
140 1619 201 1665 sno
225 1621 262 1663 ex
284 1602 416 1687 ingenio
439 1599 556 1663 adiicit.
569 1602 611 1678 ²⁴)
662 1600 854 1662 Distinctior
876 1607 924 1662 est
946 1602 1050 1662 auctio
1075 1599 1129 1662 vel
1151 1603 1248 1663 etiam

139 1706 273 1767 minutio
295 1706 329 1766 in
350 1706 441 1788 peius
462 1704 617 1767 factorum
640 1701 848 1789 singulorum,
860 1703 901 1782 ²⁶)
929 1725 991 1787 qua
1013 1706 1140 1767 ratione
1163 1703 1247 1768 adeo

140 1830 241 1894 usque
264 1807 305 1872 ad
328 1808 406 1872 falsa
430 1829 490 1893 pro
510 1811 594 1871 veris
616 1805 780 1870 reddenda
803 1806 960 1893 procedit.
973 1807 1015 1886 ²⁰)
1052 1808 1081 1870 A
1104 1829 1169 1891 quo
1192 1829 1249 1894 ge-

140 1933 217 1976 nere
246 1912 372 1998 quidem
399 1912 571 1991 diversum,
599 1910 657 1976 sed
680 1910 783 1976 cidem
808 1912 901 1974 etiam
923 1932 991 1974 non
1013 1909 1165 1975 dissimile
1189 1923 1248 1989 est,

140 2042 342 2063 boo-na*

208 2136 262 2207 al)
285 2139 328 2194 De
346 2138 416 2214 quib.
436 2137 514 2215 plura
533 2135 601 2192 inira
620 2136 720 2206 (addit.
741 2135 790 2207 1.).

208 2228 261 2291 ’11)
281 2223 378 2298 Qualia
397 2245 437 2281 ex.
456 2244 494 2300 gr.
513 2227 541 2280 in
560 2226 657 2281 omnib.
677 2222 742 2293 lere,
761 2244 829 2300 quae
847 2222 881 2278 ad
899 2221 1011 2278 ludaeos
1030 2231 1057 2278 et
1072 2221 1247 2280 Christianos

123 2313 299 2390 'pertinentia
317 2317 511 2369 commemorat.

209 2397 263 2468 23)
284 2398 333 2454 Ex.
347 2399 513 2475 aptissimum
526 2407 613 2454 exstat
624 2399 651 2453 in
663 2396 765 2456 Nostro
784 2396 885 2471 111,21.
898 2416 924 2472 p.
936 2397 987 2450 196
999 2417 1039 2472 sq.
1059 2395 1106 2451 ubi
1124 2396 1157 2452 cf.
1177 2417 1247 2472 quae

139 2484 189 2543 sub
208 2483 287 2540 Livio
305 2485 333 2538 in
352 2505 374 2539 c.
393 2503 434 2560 sq.
453 2484 488 2540 ad
505 2483 529 2539 h.
543 2483 561 2540 l.
580 2487 679 2540 notavi.

209 2571 262 2640 24)
285 2569 378 2627 Veluti
395 2568 429 2638 V,
450 2573 490 2625 18.
509 2592 536 2648 p.
545 2575 607 2626 335.
631 2571 774 2642 „Drusus,
795 2568 878 2623 tantis
896 2566 973 2623 malis
993 2567 1140 2644 (prodigiis
1160 2589 1197 2624 sc.
1219 2579 1247 2625 ct

138 2657 324 2714 huiuscemodi
339 2657 439 2726 rebus)
457 2660 574 2713 anxius⁸‘
587 2667 638 2713 etc.
657 2687 690 2698 -·
709 2654 755 2722 Vl,
771 2657 810 2710 19.
830 2675 856 2731 p.
866 2657 925 2709 136.
946 2655 980 2710 de
992 2655 1111 2710 Antonio
1126 2664 1154 2710 et
1166 2676 1247 2711 causa

137 2745 236 2824 proelii
254 2745 358 2801 Actiaci
382 2743 466 2818 „Qua
485 2744 569 2800 elatus
588 2744 724 2822 pecunia“
743 2753 808 2798 etc·
830 2741 890 2798 Huc
907 2761 1015 2817 quoque
1032 2743 1170 2818 pertinent
1187 2763 1246 2798 cor·

138 2835 277 2909 reptiones
297 2851 458 2910 paganorum
476 2831 522 2902 (l)
547 2839 659 2909 propter
675 2830 878 2905 persecutiones
897 2827 1126 2898 Christianorum,
1146 2839 1175 2884 et
1191 2829 1245 2885 alia

137 2917 337 2986 huiuscemodi,
355 2927 486 2995 quatenus
504 2937 558 2974 non
576 2916 656 2994 plane
673 2914 739 2972 falsa
757 2925 803 2971 aut
820 2916 958 2971 arbitraria
977 2924 1048 2971 sunt.

156 2994 159 2999 ¹
208 3004 262 3074 25)
286 3003 327 3061 Cl.
346 3003 384 3072 ll,
398 3008 439 3060 13.
458 3026 486 3082 p.
497 3007 554 3060 122.
576 3003 610 3058 de
634 3012 721 3060 terrae
743 3001 873 3083 motibus,
897 3001 943 3056 ubi
961 2999 1062 3056 Romae
1086 3001 1115 3055 in
1134 3000 1245 3058 modum

137 3093 270 3160 meminit,
294 3100 324 3147 ut
346 3089 380 3146 de
401 3089 473 3146 illius
496 3092 625 3169 temporis
647 3088 714 3146 urbe
732 3089 839 3144 minime
857 3087 940 3144 scribi
958 3089 1054 3166 potuit.
1075 3120 1106 3130 —
1131 3087 1180 3155 lll,
1202 3092 1243 3144 12.

138 3198 164 3258 p.
176 3181 236 3234 172.
255 3177 317 3234 coll.
336 3197 359 3234 c.
372 3176 466 3234 lustln.
484 3177 565 3234 fonte.
585 3208 619 3219 -
638 3175 738 3243 111,16.
756 3196 783 3252 p.
794 3178 853 3232 183.
872 3177 1025 3252 „pertinaci
1043 3173 1133 3230 lurore
1149 3195 1245 3250 perva-

139 3265 202 3322 dit“
223 3263 287 3320 coll.
306 3285 329 3320 c.
347 3264 442 3321 lustin.
467 3266 549 3333 „sine
572 3263 747 3320 certamine“.
768 3293 800 3306 -
823 3262 875 3328 lll,
890 3266 929 3318 10.
948 3282 975 3339 p.
987 3264 1045 3319 166.
1064 3280 1115 3338 pro
1130 3260 1244 3330 CLXX,

139 3350 304 3409 CCCLXX!
324 3384 356 3395 -
381 3349 428 3418 IV,
446 3354 489 3407 20.
508 3371 534 3427 p.
544 3352 604 3405 273.
627 3351 656 3405 in
677 3348 724 3404 fin.
748 3358 775 3405 et
797 3347 837 3404 ibi
856 3347 1086 3417 Fabricqnotiil.
1106 3380 1140 3390 -
1164 3348 1199 3417 V,
1217 3353 1242 3408 4.

137 3442 233 3519 ιι.293.
253 3437 287 3493 de
304 3458 397 3513 magna
414 3436 568 3514 pestilentia
587 3445 615 3491 et
631 3433 704 3490 mult.
724 3434 758 3490 al.
777 3437 805 3490 in
822 3433 873 3491 loc.
894 3467 927 3477 -
946 3433 1004 3490 Huc
1022 3435 1159 3511 pertinent
1177 3456 1244 3511 quo·

137 3546 190 3601 que
207 3526 314 3580 maximi
333 3523 440 3598 ubique,
463 3521 508 3578 vel
525 3523 626 3577 minimi
644 3523 756 3590 numeri,
777 3520 954 3597 undecunque
972 3519 1079 3577 collecti
1097 3521 1150 3592 (de
1169 3523 1242 3598 quib.

139 3614 190 3668 iam
209 3609 312 3679 antea),
336 3610 455 3686 quamvis
474 3605 579 3674 callide,
598 3617 685 3664 tamen
704 3610 784 3666 modo
803 3627 909 3685 semper
927 3606 1067 3663 arbitrario
1085 3609 1225 3665 immutati.

146 3726 151 3735 ·
205 3700 257 3766 26)
282 3697 362 3773 lmpr.
380 3694 444 3750 libri
462 3690 502 3750 Vl
518 3693 569 3749 sub
588 3693 633 3749 lin.
653 3705 680 3750 et
698 3695 748 3752 Vll
767 3695 887 3772 exempla
904 3695 1041 3772 praebent.
1054 3722 1092 3736 ·-
1108 3693 1180 3750 Num
1198 3717 1243 3751 au·

137 3795 191 3840 tem
213 3804 248 3840 ne
269 3782 398 3839 divinarit
418 3780 527 3855 quidem
549 3781 679 3851 Orosius,
702 3785 803 3860 optimo
827 3784 886 3837 iure
908 3781 942 3837 de
963 3783 1024 3858 ipso
1046 3782 1132 3858 accipi
1150 3802 1243 3859 posse,

138 3892 206 3949 quae
223 3874 252 3927 iu
269 3887 384 3927 excursu
401 3865 478 3935 (Vll,
490 3871 533 3924 26.
552 3888 578 3944 p.
588 3870 666 3938 636.)
684 3871 787 3925 ironice
804 3867 924 3937 inducto,
942 3869 1019 3943 quasi
1036 3871 1243 3944 perversissime

138 3967 165 4014 et
182 3959 294 4014 maxime
311 3953 415 4010 insulse
431 3971 549 4030 paganos
566 3954 661 4011 feeerit
678 3954 813 4011 dicentes:
834 3953 1038 4022 „sustinuimus
1057 3964 1085 4011 te
1102 3954 1242 4022 haetenus,

137 4043 328 4100 artificiose
351 4039 546 4116 quodammodo
570 4051 598 4097 et
620 4040 743 4098 callide
765 4039 923 4096 fortuitas
946 4049 1096 4118 temporum
1118 4044 1243 4097 mutatio·

137 4149 186 4186 nes
200 4127 415 4184 Christianorum
432 4127 581 4185 ultionibus
597 4129 788 4206 coaptantem“
808 4169 855 4184 ...
873 4146 907 4182 au
925 4125 992 4182 baec
1009 4126 1091 4185 luerit
1108 4127 1242 4184 calliditas

138 4214 328 4272 calliditatum?
