2640 4764
598 55 639 122 91

64 237 130 302 lum
153 238 348 322 investigare
371 236 506 298 coneris.
551 235 616 298 Iam
639 233 694 298 ubi
716 235 816 319 prima
830 233 942 299 lustini
965 235 1098 322 vestigia
1121 255 1170 298 ex-

64 350 151 406 stant
169 339 261 425 apud
285 341 437 405 Orosium
461 340 503 416 (l,
519 339 580 418 4.),
608 336 760 426 leguntur
782 337 935 422 quaedam
958 337 999 402 de
1020 339 1099 401 Nini
1122 359 1172 402 ex-

62 445 265 531 peditionum
288 445 439 521 terminis
461 441 563 527 deque
586 445 681 506 nimia
696 440 907 506 Semiramidis
931 440 1116 505 erudelitate
1140 450 1172 506 et

43 548 251 634 libidinibus
280 557 407 633 postea,
437 567 518 630 quae
541 545 636 609 alium
658 546 798 610 indicare
820 543 970 609 videntur
991 544 1112 609 fontem
1135 565 1172 608 ac

64 653 229 716 lustinum.
268 650 333 717 Cui
354 671 415 713 nec
435 652 538 713 minus
561 649 683 726 desunt,
706 670 786 734 quae
802 649 947 724 Orosius,
969 651 1172 713 vitiosissime

65 755 203 842 quidem,
227 755 267 820 de
283 754 439 818 Phraerte
463 763 494 817 et
508 751 625 817 Diocle
648 754 812 834 (Deiece)
835 753 970 838 profert:
993 753 1016 829 Ι,
1032 755 1062 816 9.
1085 776 1116 838 p.
1129 754 1171 817 75

65 871 98 925 et
121 863 174 925 76.
232 858 419 943 Eodemque
447 857 521 921 loco
551 860 582 920 in
612 855 777 920 historiola
806 856 860 919 illa
890 855 930 919 de
958 856 1110 942 Harpago
1140 865 1173 921 et

67 965 212 1051 Astyage
234 960 394 1027 Herodoti
422 964 571 1049 vestigia,
601 982 673 1024 mox
701 963 804 1046 ipsum
834 981 989 1048 agnosces
1015 962 1049 1023 in
1075 959 1171 1024 rebus

65 1090 84 1132 a
108 1067 202 1153 Cyro
225 1070 336 1153 gestis:
358 1066 397 1143 ΙΙ,
412 1066 443 1129 6.
489 1065 624 1129 Minoris
651 1065 785 1129 forsitan
808 1068 960 1129 momenti
983 1063 1062 1127 baec
1085 1073 1171 1127 sunt:

65 1171 206 1237 Orosius
235 1172 325 1234 Darii
354 1171 524 1255 Hystaspis
556 1169 675 1233 bellum
704 1169 886 1254 Scythicum
915 1189 1172 1244 commemorans,

64 1275 177 1338 hostes
208 1276 381 1360 repentinis
412 1273 590 1337 incursibus
621 1282 772 1337 extremas
802 1277 910 1359 copias
938 1273 1030 1337 Darii
1058 1269 1173 1333 dilace-

64 1400 153 1443 rasse
184 1378 290 1442 adiicit
318 1378 427 1455 (lte.
450 1401 480 1462 p.
494 1378 589 1454 107.)
618 1378 740 1440 Iustino
770 1380 933 1451 omissum3
967 1387 1034 1441 tum
1061 1376 1172 1438 Xerxis

65 1486 194 1547 navium
223 1502 386 1546 numerum
414 1481 558 1544 indicans
585 1480 643 1561 (ll,
660 1484 689 1545 9.
713 1506 744 1567 p.
759 1482 853 1561 110.)
883 1484 975 1544 etiam
998 1481 1050 1544 hie
1071 1480 1173 1544 Hero·
1250 1479 1253 1484 ’

65 1585 137 1650 doti
159 1589 375 1673 cognitionem
397 1584 538 1670 prodere
559 1584 696 1659 videtum
727 1597 839 1670 postca
862 1587 1039 1662 conversio,
1061 1586 1089 1648 si
1111 1605 1173 1669 qua

66 1699 125 1766 est,
149 1689 189 1753 de
204 1689 446 1775 Epaminondae
462 1699 563 1753 morte
586 1690 660 1771 (Ill,
675 1692 705 1753 2.
728 1713 758 1774 p.
774 1690 862 1770 154.)
886 1699 996 1753 contra
1018 1689 1172 1754 lustinum

66 1793 150 1870 (vl,
171 1795 206 1869 83
231 1794 417 1871 12et13.);
447 1792 584 1878 denique
613 1793 711 1856 verba
735 1792 790 1855 illa
812 1791 951 1878 Philippi
982 1791 1022 1855 de
1049 1793 1172 1877 optimo

64 1919 187 1985 genere
215 1901 324 1961 mortis
354 1897 428 1975 (Ill,
446 1899 496 1960 14.
519 1921 550 1983 p.
565 1899 652 1975 177.)
683 1897 834 1961 historiae
864 1897 905 1961 de
936 1899 1003 1961 eius
1024 1918 1104 1960 nece
1126 1900 1174 1961 in-

64 2013 159 2067 serta.
173 2004 214 2080 74)
260 2001 354 2085 Quae
377 2003 500 2065 etiamsi
522 2004 627 2065 omnia
651 2012 783 2088 propter
805 2003 886 2064 hanc
907 2001 1033 2066 illamve
1048 2021 1173 2065 eausam

64 2104 342 2190 parvipendenda,
371 2104 517 2191 adeoque
539 2104 710 2169 reiicienda
733 2115 896 2190 putemus,
925 2115 1030 2169 tamen
1053 2104 1093 2168 de
1116 2105 1172 2183 his,

65 2231 148 2294 quae
179 2231 216 2273 ex
238 2209 407 2273 Herodoto
432 2219 556 2295 sumpta
579 2218 666 2287 sunt,
696 2208 778 2272 idern
804 2209 907 2273 lacere
929 2209 1024 2273 nobis
1047 2229 1114 2272 non
1137 2208 1173 2272 li·

65 2314 160 2377 cebit.
206 2315 287 2378 Nam
316 2317 367 2377 vix
395 2312 539 2392 dubium,
569 2317 645 2398 quin
667 2314 840 2399 Pompeius
863 2316 991 2400 Trogus
1015 2315 1048 2376 in
1070 2315 1172 2397 primo

64 2416 268 2482 historiarum
290 2416 382 2494 libro,
409 2420 441 2480 in
466 2420 502 2480 iis
526 2439 607 2502 quae
630 2415 669 2479 ad
694 2415 816 2501 Cyrum
839 2416 1048 2502 pertinebant,
1071 2416 1174 2481 Hero·

66 2520 179 2585 dotum
202 2533 327 2585 secutus
351 2524 399 2584 sit.
413 2522 455 2599 ⁷⁵)
497 2519 584 2603 Quid
607 2518 746 2604 impedit,
769 2523 936 2604 quominus
960 2528 991 2582 et
1005 2517 1068 2595 illa,
1092 2541 1172 2602 quae

66 2627 101 2687 in
124 2625 246 2689 Iustino
276 2623 512 2700 desiderantur,
540 2646 577 2688 ex
599 2623 768 2688 Herodoto
798 2621 887 2687 illurn
915 2643 1006 2685 suum
1034 2623 1172 2707 inopus

66 2728 266 2792 transtulisse
296 2730 518 2792 coniiciamus?
555 2727 688 2792 Accedit
710 2726 797 2813 quod
820 2727 932 2792 Orosii
954 2726 1173 2810 cognitionem

66 2831 198 2919 linguae
224 2831 368 2897 Graecae
399 2842 430 2896 et
457 2832 618 2896 literarum
643 2831 835 2896 Graecarum
864 2834 898 2895 in
925 2832 1090 2893 inanimum
1119 2851 1173 2894 ne-

67 2938 191 3020 quimus
220 2957 287 3000 non
314 2957 432 3001 vocare
461 2934 600 2999 dubium.
652 2937 820 3000 Praeterea
853 2932 945 2998 lacile
974 2931 1050 2995 inde
1078 2933 1173 2998 nobis

66 3037 311 3125 persuadeatur,
340 3042 394 3123 qui
420 3039 567 3103 historias
596 3061 705 3104 omnes
733 3060 904 3126 regnorum
928 3047 960 3100 et
981 3035 1173 3120 populorum

67 3142 213 3207 Orientis
237 3143 391 3207 elustino
415 3146 469 3222 (et
483 3143 660 3229 Pompeio)
684 3146 858 3229 sumpserit,
883 3164 953 3206 cum
975 3139 1030 3204 illa
1053 3149 1173 3205 tantum

67 3246 133 3311 alio
159 3268 176 3311 e
198 3247 289 3311 fonte
311 3268 378 3310 non
400 3245 499 3310 fuisse
521 3249 700 3312 hausurum.
739 3248 788 3309 En
812 3269 893 3331 quae
916 3267 975 3331 pro
997 3248 1097 3330 prima
1119 3245 1174 3309 illa

68 3354 239 3436 opinione,
263 3354 354 3415 etiam
379 3352 491 3437 Trogo
515 3353 670 3437 Pompeio
692 3373 781 3415 usum
807 3372 875 3414 esse
899 3350 1065 3427 orosium,
1088 3349 1173 3414 lucu·

67 3446 181 3519 lenter
195 3464 331 3540 possunt
353 3454 424 3518 dici.

141 3658 192 3727 74)
214 3659 259 3715 De
277 3661 355 3716 rebus
373 3659 462 3728 falsis,
484 3662 600 3715 omnium
619 3661 781 3735 scriptorum
799 3660 1015 3737 impugnantibus
1033 3661 1174 3716 anctorita-

69 3757 136 3813 tem,
160 3745 194 3801 de
210 3745 342 3802 Pbraorte
361 3756 388 3802 et
403 3747 520 3815 Delum,
542 3748 586 3803 eui
603 3747 748 3822 Astyagem
770 3747 935 3802 successisse
953 3745 1048 3801 scribit
1065 3744 1174 3811 Noster,

70 3830 103 3889 cl.
123 3842 178 3887 not.
190 3835 230 3888 16.
243 3833 333 3903 (1.2.)
353 3843 380 3889 et
397 3842 452 3888 not.
472 3832 524 3889 buc
542 3842 672 3910 spectant.
692 3831 726 3888 ad
744 3833 766 3903 ξ.
781 3852 820 3908 sq.
838 3865 868 3876 -
889 3831 922 3887 de.
940 3831 1101 3888 Herodoteis
1119 3833 1174 3888 vid.

69 3920 92 3989 §.
106 3939 148 3995 sq.
167 3950 201 3961 -
220 3918 254 3975 de
273 3917 331 3974 aliis
350 3919 378 3974 in
396 3939 457 3975 mex
475 3920 658 3996 sequentibus.
679 3949 711 3959 -

141 4005 193 4075 75)
218 4004 262 4061 Cf.
279 4003 397 4061 Heeren:
417 4004 450 4061 de
469 4005 552 4080 Trogi
567 4005 687 4082 Pompeii
706 4003 801 4061 lontih.
821 4013 848 4059 et
866 4006 1031 4061 auctoritate.
1060 4006 1086 4061 in
1106 4023 1175 4061 oom-

70 4101 162 4149 mentt.
182 4112 237 4148 soe.
258 4111 312 4166 reg.
332 4091 451 4167 Gotting.
480 4088 540 4147 Vol.
552 4091 729 4168 XV.vp.2ll.
