2640 4764
682 189 747 254 120

162 365 252 422 fratris
270 397 303 408 -
322 367 472 443 proiectum
489 366 553 421 est⁴‘
572 363 648 420 Flori
666 363 717 434 (ll,
729 366 760 430 63
779 362 840 434 53.)
865 371 909 418 est
931 362 1106 438 „proiectum
1123 359 1217 416 fratris
1234 380 1270 416 ca·

161 460 212 530 put
227 451 262 507 ad
280 471 328 508 sua
346 455 455 506 castra“
470 496 475 508 .
490 453 513 521 .]
552 451 638 525 Quies
661 453 732 506 inter
749 447 911 505 Annibalem
928 457 956 503 et
973 445 1120 503 Romanos.
1140 465 1197 502 sec.
1215 445 1269 503 Liv.

162 536 291 605 XXVIII,
304 539 339 592 46
351 546 418 592 extr.
438 536 521 614 Scip,
539 536 668 614 Hispania
687 536 804 603 subacta,
823 534 935 591 Romam
953 552 1090 600 reversus,
1109 552 1187 588 cons.
1207 552 1271 587 orea-

162 633 215 690 tus,
228 632 411 697 transgressos
423 625 451 678 in
461 622 586 689 Africam,
599 621 739 678 Annonem
752 623 836 677 vincit
849 632 877 676 et
886 619 993 676 occidit.
1012 639 1067 675 sec.
1079 616 1138 674 Liv.
1149 616 1270 685 XXVIII,

162 709 240 779 (37.)
260 711 303 763 38.
327 708 434 776 XXIX,
452 713 494 763 24.
513 709 629 779 (etat.)
643 712 690 764 34.
728 708 904 777 [Accnratior
921 705 1063 781 Eutropio,
1082 713 1175 760 tamen
1194 725 1226 759 ex
1242 723 1270 760 cc

164 793 228 863 (ΙΙΙ,
245 793 301 861 11.)
319 793 394 862 falsa,
412 795 499 871 primo
519 794 571 850 hoc
589 794 693 871 proelio
711 794 751 850 XI
768 792 840 849 milia
856 793 1008 849 Poenorum
1026 789 1172 857 cecidisse,
1192 800 1271 846 hans·

162 881 274 956 scripsit
294 879 421 949 Noster]
447 913 478 923 -
503 879 678 956 Sempronius
703 899 776 936 cons.
801 880 834 935 ab
858 877 991 935 Annibale
1014 879 1118 944 victus,
1143 875 1270 932 Romam

163 964 268 1040 refugit.
288 985 341 1022 sec.
360 965 421 1022 Liv.
440 965 543 1033 XXIX,
554 969 598 1022 36.
622 967 673 1034 [ex
691 985 772 1042 parvo
792 983 920 1040 magnum.
946 963 1106 1031 „Romam“
1120 960 1200 1017 falso.
1226 963 1271 1030 „in

164 1053 296 1107 castra“
316 1050 487 1107 scribendum
500 1051 573 1121 luit]
595 1085 626 1095 —
648 1073 675 1129 p.
688 1055 762 1122 2699
782 1050 876 1129 Scipio
889 1049 923 1107 ad
935 1048 1042 1105 Uticam
1055 1058 1144 1105 castra
1157 1047 1272 1104 hostium

163 1135 283 1193 incendit
301 1157 354 1193 sec.
373 1135 433 1193 Liv.
448 1138 536 1204 XXX,
555 1138 579 1192 4.
594 1142 627 1205 5,
646 1139 701 1212 igni
719 1137 845 1213 ferroque
862 1156 948 1212 magn.
967 1155 1060 1192 eorum
1078 1144 1187 1212 partem
1204 1132 1272 1190 delet

164 1242 218 1279 sec.
237 1222 315 1279 eund.
334 1221 382 1278 l.l.
402 1225 427 1276 6.
446 1220 496 1292 (cl.
517 1224 591 1300 epit,
610 1224 686 1278 cuius
705 1223 786 1279 verba
804 1225 831 1278 in
850 1223 952 1279 Nostro
972 1219 1141 1290 occurrunt.)
1175 1219 1272 1276 Asdru-

163 1307 208 1365 bal
231 1308 419 1384 Carthaginem
441 1328 581 1377 reversus,
605 1308 705 1364 bellum
727 1330 779 1365 una
803 1331 826 1364 c.
845 1308 971 1386 Syphace
993 1316 1113 1363 renovat.
1142 1326 1197 1362 ser.
1216 1304 1271 1362 Liv.

163 1395 252 1462 XXX,
267 1398 290 1450 7.
311 1396 388 1451 ambo
406 1396 551 1451 vincuntur
568 1416 583 1450 a
596 1394 670 1472 Scip.
689 1415 742 1451 sec.
756 1394 815 1449 Liv.
828 1393 846 1450 l.
859 1394 877 1451 l.
896 1398 923 1451 8.
950 1392 1059 1449 Laelius
1073 1401 1100 1447 et
1111 1389 1271 1448 lllassauissa

163 1490 362 1559 persequuntur
380 1500 435 1536 eos.
454 1499 508 1536 sec.
522 1479 581 1537 Liv.
600 1479 618 1537 Ι.
630 1480 648 1536 Ι.
668 1485 692 1537 9.
724 1479 836 1557 Syphax
854 1490 958 1558 captus,
975 1481 1137 1553 vinctusque
1152 1477 1189 1533 ad
1201 1477 1271 1554 Scip.

165 1566 275 1635 doetus3
300 1567 376 1623 Cirta
399 1568 427 1623 in
446 1565 575 1622 dedition.
594 1576 710 1644 recepta.
735 1586 789 1621 ecc.
806 1564 866 1621 Liv.
884 1564 902 1622 1.
916 1564 935 1620 Ι.
959 1567 1054 1620 1213.
1093 1562 1206 1640 Captivi
1229 1582 1273 1640 per

163 1651 285 1708 Laelium
302 1652 415 1709 Romam
437 1655 520 1708 missi.
547 1673 599 1708 sec.
618 1651 678 1709 Liv.
697 1651 715 1707 l.
728 1652 746 1707 l.
767 1654 808 1707 16.
838 1651 883 1720 [in
901 1651 993 1707 verbis
1011 1671 1056 1717 „u
1070 1650 1202 1724 ingentib.
1215 1669 1273 1727 spo·

164 1738 233 1795 liis“
253 1758 278 1814 p.
288 1741 359 1806 267,
376 1739 503 1816 Eutropii
522 1737 567 1805 Ill,
583 1741 623 1792 ll.
643 1746 693 1803 „et
710 1736 824 1792 infinitis
843 1734 963 1812 spoliis“
982 1735 1086 1804 habes]

233 1823 279 1892 IV,
293 1827 333 1881 19.
354 1846 379 1903 p.
388 1824 560 1880 ret-269.:
578 1821 695 1878 Annibal
708 1833 848 1879 revocatus
861 1821 962 1878 ltaliam
974 1821 1020 1892 Η)
1032 1820 1176 1896 relinquit,
1195 1823 1273 1877 inter·

165 1911 242 1968 lectis
255 1910 342 1966 Italici
359 1911 464 1986 generis
482 1909 622 1976 militibus,
641 1919 781 1966 secuturos
794 1930 824 1964 se
837 1907 1022 1965 abnuentibus.
1042 1927 1096 1963 uec.
1109 1906 1171 1964 Liv.
1185 1905 1272 1969 XXX,

165 2002 200 2055 19
212 2008 240 2054 et
251 2003 296 2054 20.
310 2030 341 2041 -
360 1996 468 2051 Africae
486 1997 677 2073 propinquanti
694 1995 774 2051 fatale
790 2014 875 2049 omen.
901 2016 923 2050 c.
940 1994 1016 2050 verb.
1033 1992 1088 2049 lere
1100 1992 1174 2050 Livii
1186 1992 1273 2060 XXX,

164 2088 199 2140 25
216 2093 281 2140 extr.
300 2103 326 2159 p.
345 2113 379 2123 —
402 2102 429 2158 p.
440 2083 524 2154 2682,
539 2081 753 2156 „Carthaginem
771 2081 876 2137 renit.“
905 2079 1070 2156 colloquitur
1094 2099 1115 2135 c.
1137 2078 1273 2158 Scipione.

165 2191 219 2226 sec.
237 2168 296 2225 Liv.
316 2167 332 2222 l.
347 2167 364 2223 l.
383 2171 418 2222 29
431 2176 458 2222 et
470 2169 512 2221 30.
540 2166 790 2243 [„Carthagiuem“
806 2166 1047 2241 negligentissime3
1070 2165 1170 2242 procul
1194 2164 1273 2221 dnbio

166 2257 295 2311 Zamam.
333 2251 400 2308 Nam
423 2273 485 2308 mox
508 2253 624 2308 Orosius
648 2255 701 2308 sibi
723 2256 783 2330 ipse
805 2253 966 2309 contradicit
987 2251 1044 2307 ead.
1063 2271 1124 2328 pag.
1155 2250 1273 2319 „Postea

165 2342 199 2413 (i.
213 2362 234 2397 e.
252 2348 316 2416 post
335 2357 448 2415 pugnam
467 2337 499 2393 ad
516 2338 636 2409 Zamam)
657 2339 846 2414 Carthaginem
864 2349 928 2417 post
944 2336 1064 2395 XXXVI
1081 2356 1179 2406 annos,
1197 2354 1273 2414 quam

165 2425 229 2483 inde
250 2445 350 2502 parvus
368 2445 391 2480 c.
411 2433 486 2500 patre
505 2426 613 2493 exierat,
632 2427 762 2495 venit“:]
799 2425 899 2481 Iniecta
923 2444 990 2502 pace
1008 2444 1038 2480 sc
1056 2425 1206 2500 recipiunt:
1230 2444 1274 2502 pu·

165 2533 215 2589 gna
238 2511 273 2567 ad
296 2512 409 2566 Zamam.
433 2531 486 2566 sec.
505 2510 563 2567 Liv.
576 2512 663 2578 XXX,
681 2515 715 2567 31
734 2521 801 2568 extr.
820 2514 944 2567 32-35.
975 2508 1097 2579 [LXXX
1116 2509 1273 2588 elephantos

166 2598 204 2654 ibi
227 2608 321 2674 captos
343 2596 387 2653 vel
406 2599 512 2654 occisos
531 2618 605 2666 esse,
628 2597 681 2654 hoc
699 2598 808 2675 quidem
825 2618 878 2654 non
898 2598 956 2652 sine
975 2597 1135 2652 auctoritate
1155 2595 1273 2672 quadam,

166 2694 193 2740 at
214 2704 269 2741 nou
287 2693 416 2740 accurate.
445 2683 478 2739 cl.
497 2682 556 2739 Liv.
575 2683 592 2739 Ι.
606 2683 623 2739 Ι.
642 2685 698 2754 33]
721 2715 752 2726 -
776 2681 895 2741 Annibal
918 2702 940 2738 c.
960 2684 1029 2750 „vix
1047 2691 1165 2757 quatuor
1183 2683 1274 2758 equiti·

164 2771 239 2827 bus“
257 2769 433 2826 Adrumetum
451 2769 526 2844 fugit.
554 2769 617 2825 iude
636 2769 823 2846 Carthaginem
843 2789 977 2837 reversus,
995 2767 1082 2824 solam
1099 2770 1128 2824 in
1147 2789 1215 2846 pace
1232 2787 1274 2846 pe·

165 2856 245 2912 tenda
262 2877 339 2934 spem
356 2877 417 2911 osse
431 2855 520 2911 edicit.
540 2876 593 2913 sec.
605 2854 664 2912 Liv.
677 2856 767 2923 XXX,
780 2861 827 2912 35.
847 2855 919 2926 (illis
938 2856 1002 2923 „vix
1016 2863 1133 2930 quatuor
1146 2855 1274 2931 equitib.“

167 2964 199 2999 ex
216 2944 330 3017 Eutrop.
348 2941 393 3010 ΙΙΙ,
408 2946 449 2997 13.
468 2941 600 3010 insertis)
619 2974 649 2984 -
675 2942 726 2998 Cn.
740 2943 823 2998 Corn.
836 2941 967 3010 Lentulo,
984 2939 1014 2996 P.
1026 2939 1087 2996 Ael.
1100 2938 1185 2996 Paeto
1207 2959 1273 2997 coss.

165 3048 218 3105 pax
237 3026 478 3102 Carthaginiensib.
497 3026 566 3083 data.
585 3047 638 3084 sec.
656 3026 714 3084 Liv.
728 3028 816 3095 XXX,
835 3030 870 3084 40
882 3037 910 3083 et
921 3029 957 3083 43
974 3029 1052 3104 impr.
1071 3025 1148 3096 (44.)
1168 3060 1201 3071 -
1221 3026 1274 3083 Sci·

165 3116 212 3192 pio
239 3112 406 3190 triumphans
436 3112 530 3169 urbem
555 3116 706 3190 ingressos,
734 3124 864 3190 sequente
888 3112 1017 3170 Terentio
1040 3114 1144 3169 comico
1167 3111 1273 3192 pileato.

166 3220 220 3257 sec.
238 3199 296 3256 Liv.
311 3199 401 3267 XXX,
412 3203 456 3256 45.
476 3199 526 3269 (cl.
539 3203 595 3270 43.)
621 3199 815 3269 [„Terentins,
835 3202 881 3276 qui
898 3209 992 3277 postea
1008 3201 1152 3256 comicus“
1171 3198 1273 3266 falsum,

166 3288 241 3342 cuius
261 3287 389 3360 originem
408 3305 422 3340 e
440 3284 535 3341 Nostri
553 3288 732 3363 properantia,
754 3288 799 3361 qni
817 3284 925 3341 Livium
943 3285 1098 3354 contulerit,
1116 3285 1275 3342 addubitare

165 3375 268 3447 nequit.
296 3371 328 3426 cl.
348 3381 376 3426 et
393 3369 504 3427 Havero.
523 3371 558 3427 ad
574 3371 600 3428 h.
619 3371 638 3427 l.
663 3404 694 3415 -
718 3371 859 3428 Praeterea
881 3373 995 3446 vestigia
1013 3371 1120 3430 verbor.
1138 3371 1215 3430 Livii
1232 3369 1273 3428 ad·

165 3469 230 3514 sunt
247 3478 296 3534 per
313 3466 400 3513 totum
419 3459 522 3535 capot]

234 3543 281 3613 IV,
295 3547 338 3598 20.
361 3565 388 3620 p.
399 3545 558 3599 roe-276.
593 3563 621 3620 p.
635 3546 807 3601 aua-ato:
832 3543 1033 3600 lllacedouicum
1056 3543 1160 3601 bellum
1183 3543 1275 3600 Flami·

165 3632 230 3685 nino
249 3649 323 3686 cons.
342 3627 501 3684 confectum.
530 3649 564 3683 ex
581 3628 694 3708 Eutrop.
712 3630 759 3700 ΙΙΙ,
780 3635 802 3688 l.
823 3652 900 3706 quoe.
919 3632 1058 3686 coniunxit
1076 3629 1136 3687 Liv.
1149 3628 1274 3698 xxxlt,

166 3721 201 3771 50
219 3725 246 3771 et
264 3720 311 3772 52.
335 3714 368 3769 ab
390 3723 506 3788 utroque
525 3732 568 3768 res
588 3723 615 3768 et
633 3716 712 3771 rerba
731 3727 873 3773 mutuatus.
893 3750 928 3759 -
950 3716 1093 3784 Insubres,
1112 3717 1189 3787 Boii,
1210 3716 1275 3775 Cae·

165 3803 272 3857 numani
290 3823 312 3856 c.
331 3797 466 3856 Amilcare
483 3819 498 3853 a
515 3797 547 3854 L.
566 3798 648 3856 Furio
666 3812 750 3879 praet.
769 3805 896 3880 superati.
921 3823 976 3859 sec.
995 3801 1053 3859 Liv.
1072 3803 1177 3874 XXXI,
1198 3809 1232 3860 10
1249 3812 1274 3859 et

234 3978 286 4047 94)
309 3976 391 4035 Oros.
410 3979 428 4036 Ι.
444 3979 461 4034 l.
485 3980 578 4048 „ileos
601 3981 711 4059 reliquit
731 3982 865 4039 ltaliam“.
906 3983 1225 4058 Baumgarteu-Crusius
1247 3989 1273 4042 iu

165 4073 221 4120 uot.
242 4065 300 4118 crit.
324 4064 358 4120 ad
379 4065 443 4122 edit.
462 4086 537 4123 snam
554 4067 680 4146 Eutropii
703 4071 811 4138 scribit,
834 4080 897 4125 ante
915 4067 1007 4127 Vineti
1029 4073 1143 4149 primam
1164 4073 1272 4130 editio

165 4150 211 4206 lin.
230 4169 253 4205 e.
267 4151 310 4204 ll.
328 4150 402 4221 (21.)
419 4151 466 4209 lib.
480 4152 524 4210 Ill.
547 4163 612 4230 post
635 4153 756 4223 „ltalia“
779 4155 868 4211 addita
890 4156 975 4214 luisse
997 4166 1099 4235 „quam
1119 4159 1190 4218 flens
1208 4159 1272 4216 dici-

165 4244 210 4292 tur
226 4232 401 4313 reliquissc“.
