2640 4764
706 148 749 215 80

174 328 293 390 tionem
316 325 456 392 eiusdem
478 327 538 390 viri
560 323 648 391 docti
671 328 855 390 coniectura
877 325 1020 411 praebet.
1058 326 1142 391 Nam
1157 329 1185 391 is
1201 331 1280 393 veri-

174 430 363 495 simillimum
384 430 532 508 reddidit,
556 429 645 516 quod
668 429 750 494 adeo
773 452 832 515 per
849 432 1004 495 Nostrum
1026 435 1160 510 iuvatur,
1183 433 1280 496 Euse-

173 532 261 599 bium
290 556 391 620 aeque
422 544 454 598 et
483 531 649 599 consulum
676 536 805 598 nomina
827 536 859 597 in
884 535 1058 598 chronicon
1081 556 1173 599 suum
1197 556 1280 600 rece-

172 641 267 723 pisse.
281 641 322 720 18)
374 638 473 723 Quod
496 643 523 703 si
546 640 663 702 factum
688 647 748 720 est,
776 659 879 722 neque
902 636 1032 703 dubium
1053 639 1131 702 mihi
1153 639 1280 726 quidem

172 740 311 820 videtur,
340 743 462 807 Nostro
492 765 569 807 saue
592 743 830 807 fundamentum
854 741 1084 829 chronologiae
1108 765 1187 808 suae
1211 765 1279 829 sup-

172 845 333 932 peditavit,
362 846 395 911 id
419 844 506 931 quod
529 868 569 912 eo
594 846 784 924 credibilius
808 849 881 932 quia
904 849 965 909 iam
988 845 1155 911 nonnullis
1178 850 1214 911 in
1235 846 1279 911 lo-

173 951 217 1014 cis
241 951 352 1015 Orosii
375 953 643 1036 computationem
667 950 840 1015 secundum
855 950 1036 1027 Eusebium,
1059 949 1160 1034 qualis
1185 949 1278 1014 hodie

174 1064 280 1134 exstat,
303 1053 596 1119 demonstravimus.
640 1055 799 1119 Eusebius
822 1063 935 1131 autem,
958 1055 1097 1139 quamvis
1122 1074 1183 1117 suo
1207 1052 1277 1119 loco

171 1156 309 1243 plurium
338 1156 461 1222 adierat
482 1161 671 1244 scriptorum
695 1161 879 1243 opiniones,
908 1157 1037 1244 regibus
1060 1159 1276 1222 Romanorum

171 1282 284 1324 revera
313 1282 380 1325 non
403 1266 464 1325 nisi
488 1261 643 1326 ducentos
667 1262 875 1350 quadraginta
898 1265 1055 1326 concessit
1078 1282 1198 1340 annos,
1226 1264 1277 1324 ita·

172 1386 233 1451 que
256 1367 374 1450 primos
398 1364 545 1430 consules
570 1369 788 1451 quinquennio
811 1370 935 1452 priores
958 1366 1042 1429 fecit.
1083 1363 1184 1428 Unde
1207 1364 1276 1429 dein

172 1477 239 1533 tota
263 1468 403 1533 eiusdem
426 1472 620 1555 computatio
644 1471 677 1533 in
699 1470 794 1534 rebus
811 1472 963 1535 Romanis
982 1469 1181 1554 reliquorum
1199 1491 1276 1533 com-

170 1575 368 1658 putationem
386 1576 603 1660 quinquennio
619 1573 686 1638 fere
703 1578 881 1638 antecessit.
915 1572 1015 1658 Quod
1030 1571 1114 1636 idem
1133 1581 1166 1636 et
1183 1560 1276 1636 omniss

171 1674 245 1755 bus,
280 1680 335 1762 qui
365 1677 453 1741 illum
483 1678 709 1763 sequebantur,
746 1688 778 1742 et
805 1680 928 1742 Nostro
958 1677 1081 1741 accidit.
1140 1678 1227 1741 Nam
1251 1679 1274 1740 is

172 1784 293 1844 etiamsi
314 1791 448 1867 propter
471 1784 686 1868 coguitionem
709 1781 845 1847 fortasse
867 1783 949 1845 Livii
973 1790 1005 1844 et
1022 1782 1175 1866 Eutropii
1198 1782 1274 1867 regi-

170 1882 230 1949 bus
254 1885 409 1949 ducentos
432 1885 639 1973 quadraginta
662 1895 726 1948 tres
750 1907 852 1950 annos
875 1884 1084 1970 adscripserit,
1109 1894 1142 1948 et
1162 1884 1273 1948 ducen-

170 1994 314 2053 tesimum
338 1988 609 2078 quadragesimum
627 1999 770 2075 quartum
794 2011 909 2053 annum
933 1989 1020 2053 urbis
1042 1991 1181 2074 primum
1199 1989 1273 2051 fece
1313 2048 1316 2061 ,

170 2096 212 2157 rit
235 2092 414 2170 consulum,
436 2092 642 2157 nihilominus
664 2097 698 2157 in
721 2093 851 2179 reliquis
875 2092 1016 2157 Eusebio
1039 2094 1158 2178 paruit3
1185 2112 1272 2178 quum

169 2198 296 2260 minime
320 2197 415 2260 luerit
435 2199 471 2275 is,
495 2200 549 2281 qui
572 2207 684 2261 contra
702 2200 853 2261 maiorem
869 2201 1040 2283 cuiuspiam
1057 2199 1272 2260 auctoritatem

171 2304 355 2386 opinionem
378 2323 473 2379 suam,
496 2321 537 2363 ne
560 2301 770 2384 profundiore
792 2301 919 2386 quidem
934 2299 1099 2365 intellectu
1114 2302 1272 2375 nitentem,

171 2403 369 2470 defenderet.
406 2405 458 2469 Ne
480 2404 639 2469 divinasse
662 2404 787 2491 quidem
811 2428 882 2470 eum
898 2409 1020 2491 opiner,
1043 2402 1132 2489 quod
1148 2404 1273 2468 subierit

170 2507 325 2586 dilemma,
349 2531 442 2594 quum
466 2508 595 2595 regibus
611 2511 765 2572 Romanis
788 2507 873 2573 aliud
897 2519 991 2593 atque
1012 2507 1172 2571 Eusebius
1196 2509 1272 2572 attri-

168 2611 283 2677 bueret
311 2615 463 2697 temporis
494 2616 643 2696 spatium,
674 2624 705 2676 et
731 2611 830 2676 nihilo
854 2615 955 2676 secius
978 2611 1066 2675 illum
1090 2625 1272 2697 sequeretur

168 2726 291 2802 postea.
343 2719 511 2780 Praeterea
541 2727 589 2780 sat
617 2716 813 2780 laboraverit
838 2719 871 2780 iu
894 2715 1085 2779 reducendis
1110 2715 1152 2779 ad
1178 2735 1271 2780 annos

168 2819 256 2885 urbis
279 2824 416 2884 numeris
439 2820 638 2883 Eusebianis.
683 2820 762 2884 Inde
785 2823 911 2905 saepius
934 2818 981 2883 illi
1004 2817 1207 2906 aScaligero
1229 2841 1271 2882 ca·

168 2928 275 3010 stigati
296 2924 531 3009 prochronismi
553 2923 713 2987 Orosiani.
765 2921 912 3010 Singula,
936 2932 1021 2986 certa
1044 2921 1118 2986 data
1142 2924 1270 2988 chrono

168 3026 274 3114 logica
298 3026 338 3089 ad
361 3026 485 3114 singula
504 3023 658 3111 quaedam
675 3026 756 3089 lacta
772 3026 863 3090 simul
879 3048 1004 3112 semper
1019 3024 1124 3089 adhuc
1139 3025 1270 3101 aliunde,
1314 3064 1316 3069 ·

167 3133 352 3217 praesertim
376 3153 413 3194 cx
435 3123 603 3215 Eutropio,
626 3139 662 3194 ut
683 3130 825 3208 vidimus,
850 3133 1017 3215 assumpsit
1039 3130 1190 3194 Orosius

257 3236 315 3299 Sin
338 3245 442 3298 antem
465 3233 593 3298 tabulae
616 3234 774 3298 secundae
796 3249 917 3320 partem
934 3235 1064 3299 alteram
1079 3237 1270 3320 respicimus,

167 3360 242 3402 mox
264 3337 476 3424 intelligamus
501 3359 632 3401 necesse
656 3347 712 3415 est,
734 3342 861 3403 minime
877 3361 1001 3403 causam
1017 3337 1175 3426 Scaligeri
1190 3338 1269 3403 illam

169 3442 252 3526 (vid.
276 3444 385 3506 not3.
410 3441 450 3505 ad
473 3442 675 3520 Tab.11,2.)
705 3445 1132 3507 metachronismorum
1162 3443 1269 3508 Nostri

167 3557 243 3632 post
266 3546 341 3612 Chr.
366 3555 429 3609 nat.
456 3544 672 3630 accipiendam
700 3567 779 3610 esse.
829 3550 901 3612 Nec
928 3549 1033 3612 lontes
1057 3548 1185 3624 Orosii,
1216 3566 1269 3610 uec

168 3649 410 3736 chronologiam
435 3652 565 3712 omnino
588 3661 776 3735 perspectos
793 3651 904 3715 habuit
918 3655 967 3715 vir
982 3651 1109 3716 doctus:
1133 3673 1206 3716 narn
1222 3670 1269 3714 ve·

167 3774 222 3816 rus
244 3755 391 3817 transitus
415 3752 454 3816 ab
478 3775 551 3816 aera
574 3751 768 3833 Catoniana,
792 3753 844 3818 vel
866 3759 988 3840 potius,
1011 3765 1047 3819 ut
1069 3756 1158 3819 nunc
1180 3755 1268 3820 nohis

169 3855 345 3935 dicendum,
368 3858 407 3921 ab
424 3857 604 3922 Eusebiana
628 3858 668 3922 ad
684 3861 924 3937 Varronianam,
947 3861 1141 3944 computatio
1164 3879 1268 3924 secun·

168 3960 242 4025 dum
263 3959 375 4025 Palilia
399 3962 486 4026 urbis
508 3962 687 4048 ubicunque
709 3961 879 4041 difficilior,
901 3985 1055 4048 nusquam
1078 3973 1128 4029 cst
1150 3963 1267 4028 Nostri.

237 4180 289 4252 58)
313 4180 355 4239 Cf.
374 4183 503 4243 animadv.
522 4184 621 4242 Emeb.
640 4187 783 4264 p.9impr.
802 4187 844 4242 99.
864 4188 923 4243 157.
942 4184 975 4242 cl.
