2640 4764
687 194 750 258 152

164 371 200 425 tis
219 368 278 425 adv.
298 368 442 425 Caesarem
460 366 568 443 praeliis
588 367 787 424 bellaverunt.“
819 367 953 436 [Arverni
977 367 1048 420 inter
1071 367 1176 442 primos
1196 364 1271 436 inere,

163 458 210 530 qui
228 454 371 516 tumultum
391 455 548 520 excitarunt,
565 453 771 530 Vercingetorix
788 456 847 532 ipse
860 454 1014 518 Arvernus,
1031 451 1129 525 Aedui·
1142 472 1208 508 sane
1225 452 1271 508 sol·

163 541 270 609 licitati,
288 550 315 596 at
327 560 381 595 non
394 540 539 596 conflixere
551 561 610 596 cum
623 540 783 611 Romanisr]
808 539 1033 609 (Vitat-43.)
1061 536 1191 605 [„multis
1203 559 1272 615 prae

163 627 230 683 liis“
256 637 342 682 autem
366 647 420 681 non
443 627 497 682 nisi
520 626 554 682 de
577 627 742 683 certaminib.
766 626 837 703 apud
860 625 1021 700 Gergoviam
1046 623 1163 699 intelligi
1187 633 1271 702 potest

163 712 240 784 (Vll,
253 715 337 781 36.)].
368 714 448 786 „Qui
468 734 527 769 cnm
545 734 575 769 sc
593 713 736 790 pugnando
756 713 856 786 fatigati
876 714 903 767 in
924 709 1058 787 quoddam
1078 710 1221 767 castellum
1238 733 1271 767 re·

164 802 324 876 cepissent“
338 843 344 856 .
358 842 383 854 ..
405 798 518 867 [falsum
537 803 675 856 continent
692 819 790 855 nexum
808 819 905 866 rerum,
926 817 1006 872 quem
1021 796 1141 852 Orosius
1160 797 1214 854 sibi
1230 798 1271 853 fin·

163 889 211 943 xit.
252 885 320 942 Nam
348 906 416 962 quae
441 896 590 961 sequuntur
614 907 699 962 usque
721 884 754 940 ad
778 885 860 940 verba
882 886 993 952 „victus
1016 882 1144 955 aufugit“
1168 904 1195 959 p.
1209 887 1270 950 402,

163 971 234 1028 baud
253 971 371 1039 dubium,
391 974 455 1048 quin
473 993 517 1028 res
536 972 570 1029 ad
589 973 748 1048 Gergoviam
767 970 874 1027 ultimas
893 969 1013 1025 reddant.
1045 989 1100 1024 sec.
1122 968 1202 1025 Caes.
1222 969 1269 1037 Vll,

163 1060 299 1128 tt-srj
322 1091 353 1100 -
377 1062 488 1134 ptos:
512 1060 607 1126 „Dum
629 1060 695 1115 haee
713 1057 746 1114 ad
765 1056 884 1113 Alesiam
901 1056 1051 1130 geruntur“
1065 1096 1092 1110 ..
1113 1054 1198 1111 verba
1216 1066 1270 1111 sunt

164 1145 289 1201 Caesaris
309 1143 366 1210 Vll,
380 1149 437 1209 75.;
457 1144 509 1212 [de
527 1146 583 1201 reb.
603 1145 710 1222 quidem
728 1144 761 1199 ad
779 1143 899 1199 Alesiam
917 1143 1000 1216 gestis
1019 1139 1059 1196 nil
1078 1139 1168 1197 adhuc
1187 1142 1270 1198 retulit

165 1231 314 1300 Orosiusl]
348 1230 553 1305 Vercingetorix
576 1251 625 1287 rex
644 1233 773 1286 omnium:
791 1229 849 1294 Vll,
866 1231 909 1284 63.
927 1255 964 1267 -
987 1248 1012 1304 p.
1023 1229 1099 1282 403.:
1120 1230 1269 1304 omnesqui

165 1337 235 1372 arma
263 1314 334 1371 lerre
361 1326 487 1392 possent,
515 1327 622 1373 evocat:
645 1317 708 1383 Vll,
728 1320 784 1383 il.;
811 1314 892 1383 „Hoc
915 1316 986 1369 enim
1009 1333 1072 1369 esse
1094 1312 1224 1369 bellnm“
1244 1346 1267 1356 -

166 1402 208 1480 (p.
219 1402 312 1472 rotz)
333 1405 570 1478 „conseqnatur“.
603 1403 668 1472 [His
687 1403 784 1459 similia
803 1392 907 1480 passim
922 1421 965 1478 ap.
978 1399 1132 1466 Caesarem,
1152 1402 1230 1476 impr.
1245 1421 1269 1455 ex

165 1488 318 1564 Critognati
337 1490 457 1544 oratione
476 1486 551 1555 (Vll,
565 1490 620 1557 77.)
640 1488 805 1547 hnc'tralata
824 1487 974 1563 accipiam]
995 1520 1027 1529 -
1051 1507 1079 1564 p.
1090 1488 1169 1543 rot:
1189 1486 1269 1544 Novae

166 1575 268 1631 Gallor.
288 1577 381 1652 copiae
404 1583 569 1630 contractae:
589 1573 646 1643 Vll,
664 1580 706 1631 76.
740 1575 855 1631 Romani
874 1572 999 1647 Gallique
1022 1571 1109 1628 colles
1134 1573 1204 1629 duos
1227 1573 1268 1628 sibi

166 1662 297 1719 obversos
316 1670 461 1736 occupant:
480 1659 592 1726 V11‚79.
613 1661 719 1718 Proelia
737 1665 820 1729 varia,
839 1661 925 1717 donec
943 1657 1058 1714 Romani
1075 1661 1193 1716 vineunt
1210 1661 1269 1716 auxi·
1313 1686 1316 1723 r

165 1748 203 1805 lio
225 1749 344 1823 equitum
363 1745 438 1816 (Vll,
452 1747 588 1816 79-88)
607 1747 799 1806 Germanorum
824 1766 916 1823 „quos
940 1745 994 1801 sibi
1017 1748 1069 1801 iam
1093 1745 1197 1802 dudum
1220 1747 1270 1800 arni·
1313 1774 1316 1825 Ι

166 1854 214 1891 cos
231 1854 303 1890 nune
321 1835 348 1888 in
366 1831 491 1887 auxilium
510 1834 682 1891 acciverant“
702 1833 899 1905 tetvitre).
931 1831 1138 1907 Vercingetorix
1156 1832 1216 1907 fuga
1229 1831 1269 1887 ela·
1314 1832 1316 1841 '

167 1941 234 1998 psos
258 1929 365 1988 evocat,
389 1928 419 1975 nt
441 1920 522 1974 morti
545 1940 576 1975 se
599 1920 713 1976 offerant
735 1919 777 1976 vel
801 1922 889 1996 ipsum
908 1918 995 1975 solnm
1013 1916 1135 1985 tradant3
1164 1917 1234 1993 quod
1248 1927 1269 1972 et

166 2008 279 2063 lactum:
298 2004 357 2073 Vll,
369 2007 412 2059 89.
451 2004 499 2073 [ln
517 2004 618 2061 ultimis
638 2005 753 2081 „ltaque
771 2005 843 2063 Galli
862 2037 896 2048 —
915 2003 1101 2061 dediderunt“
1119 2006 1151 2060 in
1165 2003 1269 2061 Caesare

165 2113 221 2149 non
240 2092 317 2149 obvia
336 2113 350 2147 a
369 2090 471 2148 Nostro
490 2090 593 2147 adiecta
611 2092 773 2161 videantur]

273 2265 386 2323 HlRTll
408 2265 518 2323 LIBER
541 2266 754 2336 (OCTAVVS)
777 2268 828 2324 DE
851 2266 973 2324 BELLO
998 2263 1176 2323 GALLICO.

238 2389 264 2446 p.
276 2368 350 2437 403:
371 2368 509 2424 Bellovaci
524 2368 627 2425 Correo
647 2370 714 2426 duee
732 2369 831 2426 bellum
849 2371 1011 2425 instaurant:
1030 2366 1103 2434 VIII,
1117 2369 1158 2434 6.;
1178 2365 1271 2423 Ambia-

168 2474 234 2522 nos,
251 2453 383 2509 Aulercos
403 2463 453 2510 etc.
473 2454 641 2524 adsciscunt,
660 2457 749 2512 locum
767 2459 896 2512 munitum
916 2456 1037 2532 capiunt:
1058 2452 1185 2520 V111,7.;
1206 2471 1272 2530 proe-

168 2540 206 2596 lio
230 2541 372 2597 commisso
396 2540 502 2597 Remor.
527 2562 631 2598 manum
653 2542 802 2598 trucidant:
820 2542 898 2610 Vlll,
917 2545 958 2596 la.
1004 2538 1171 2596 lnsidiantes
1194 2560 1209 2594 a
1229 2537 1273 2594 Re

168 2629 253 2683 manis
276 2629 329 2704 ipsi
354 2628 610 2694 circumveniuntur,
634 2631 789 2693 vincuntur,
813 2627 932 2684 Correus
956 2625 1133 2682 interficitur:
1155 2623 1230 2694 Vlll,
1248 2626 1273 2678 ll

168 2717 251 2768 219.
271 2745 304 2755 -
324 2734 349 2790 p.
360 2717 433 2769 tot:
453 2713 554 2770 Caesar
573 2715 715 2790 „legiones
729 2717 757 2769 in
769 2713 904 2769 hiberna“
921 2713 1044 2777 dimittit3
1065 2711 1138 2780 [non
1152 2720 1274 2777 accurate,

171 2819 251 2875 quum
270 2798 373 2853 Hirtius
392 2801 493 2855 scribat
512 2800 627 2875 „plures
646 2803 673 2856 in
692 2810 784 2877 partes
801 2801 946 2856 exercitum
958 2799 1093 2854 dimittere
1106 2799 1274 2862 constitnit“;

169 2905 257 2960 neque
282 2883 316 2939 de
341 2883 461 2940 bibernis
485 2905 572 2940 sermo
597 2905 658 2940 esse
680 2889 795 2963 potuit]
820 2887 983 2961 Ambiorigis
1007 2884 1077 2940 fines
1094 2895 1198 2941 vastat:
1215 2882 1276 2952 VIll,

169 2974 206 3026 24
225 2981 250 3025 et
267 2974 302 3024 25
321 2971 381 3024 init.
402 2969 509 3026 Caninii
528 2981 554 3026 et
572 2971 648 3026 Fabii
668 2982 760 3027 eontra
780 2972 905 3028 Pictones
924 2992 968 3027 res
987 2980 1086 3045 gestae.
1110 2970 1193 3039 [Non
1211 2970 1277 3027 dubi·

171 3054 288 3122 tandum,
309 3057 373 3131 quin
393 3077 461 3131 quae
480 3057 583 3114 Hirtius
597 3057 668 3127 Vlll,
680 3062 803 3116 26-29.
820 3067 919 3126 narrat,
939 3056 1055 3113 Orosius
1074 3056 1153 3114 hisce
1173 3057 1278 3115 reddere

171 3141 301 3208 voluerit3
330 3151 357 3197 at
379 3143 408 3197 in
429 3142 473 3198 bis
496 3144 662 3219 negligenter
685 3154 822 3212 versatus,
846 3165 889 3200 res
914 3164 963 3200 suo
987 3164 1020 3200 ex
1043 3145 1154 3219 ingenio
1179 3142 1277 3211 linxit]

171 3227 270 3284 Fabius
288 3229 316 3283 in
336 3227 469 3283 Carnutes
488 3229 637 3305 proiectus,
654 3252 688 3286 ne
708 3231 862 3287 Dumnacus
882 3230 1030 3285 Armoricis
1049 3231 1209 3305 iungeretur
1225 3249 1280 3306 gen-

171 3314 259 3381 tibus,
284 3312 408 3369 celeriter
429 3333 474 3368 eas
492 3315 645 3392 perdomat:
664 3316 735 3384 Vlll,
749 3320 791 3373 31.
811 3350 845 3358 -
872 3318 985 3393 patilla
1009 3315 1065 3371 Res
1084 3316 1120 3372 ad
1137 3316 1280 3375 Uxellodu-

172 3420 236 3456 num
258 3409 347 3474 gestae
370 3420 455 3474 usque
478 3401 510 3456 ad
536 3401 630 3479 oppidi
653 3402 825 3459 deditionem.
856 3423 909 3457 sec.
929 3400 1033 3473 (Hirt.)
1051 3400 1129 3471 VIII,
1152 3402 1280 3458 32-36.

172 3489 293 3543 39-44.
314 3487 389 3541 cuius
408 3486 560 3563 ubicunqne
578 3489 672 3556 verba,
695 3489 841 3555 dictiones3
865 3487 913 3543 sed
932 3497 1044 3566 propter
1062 3509 1118 3544 non
1137 3498 1282 3547 accuratam

174 3571 347 3650 excerpendi,
372 3571 414 3629 vel
436 3572 567 3629 reddendi
591 3577 719 3631 rationem
741 3577 812 3630 iuste
835 3573 1017 3651 reprehendas
1037 3574 1186 3643 Orosinm,
1207 3578 1235 3632 in
1251 3577 1281 3630 iis

173 3661 330 3737 praecipue,
349 3678 416 3733 quae
435 3658 562 3736 (paor.)
581 3660 662 3717 Hirtii
681 3661 813 3738 capitibus
832 3664 948 3717 33—36
967 3662 1133 3736 respondere
1152 3661 1280 3719 videntur.

173 3744 256 3802 Plane
274 3744 369 3800 falsum
387 3744 426 3800 ibi
445 3754 487 3800 est
504 3743 598 3802 Nostri
617 3767 693 3813 „uno
712 3768 727 3802 e
746 3748 859 3803 ducibns
878 3746 1054 3803 interlecto.“

262 3869 412 3932 Fortasse
435 3870 469 3932 in
493 3871 601 3954 paucis
621 3870 807 3954 quibusdam
822 3870 919 3935 rebus
935 3869 1119 3935 minusculis
1144 3874 1202 3953 (ln
1218 3895 1243 3935 c.
1257 3873 1282 3935 l.

175 3982 269 4055 atque
291 3983 404 4056 postea
429 3975 551 4052 etiam),
578 3995 659 4057 quae
682 3973 947 4039 verisimilitudini
970 3977 1073 4039 minus
1096 3983 1283 4064 repugnent,

174 4076 297 4138 Livium
321 4097 410 4138 suum
428 4074 568 4141 Caesare
592 4077 719 4161 quidem
742 4089 890 4156 utentem,
913 4078 970 4143 sed
993 4089 1091 4141 artem
1117 4091 1206 4144 certe
1231 4080 1283 4142 cri-

174 4181 266 4242 ticam
291 4181 323 4242 in
349 4177 484 4243 eundem
509 4191 707 4245 exercentem
730 4183 969 4267 perlustraverit
992 4182 1143 4248 Orosius.
1161 4187 1215 4266 (i)
