2640 4764
610 179 650 246 81

10 357 216 433 -Orosius
238 357 361 442 potius,
393 353 479 441 quod
502 358 627 421 veritati
649 360 781 443 propius
805 357 948 437 accedat,
978 380 1016 424 ac
1038 360 1104 426 lere
1127 383 1181 449 ap

74 471 202 549 pareat,
230 483 324 547 quum
347 457 387 523 ad
412 458 573 524 Christum
596 471 703 525 natum
728 471 760 524 et
782 462 960 549 Augustum
982 473 1110 529 ventum
1132 470 1181 546 sit,

73 565 149 630 hinc
172 586 191 627 a
214 567 324 650 quavis
346 562 548 649 impeditiore
571 587 605 629 se
624 565 761 629 abstinet
776 570 1022 652 computatione,
1044 578 1076 632 et
1090 569 1182 634 chro-

73 668 241 756 nologiam
270 689 357 732 suam
386 671 516 731 nonnisi
544 668 672 733 adscitis
701 672 790 733 annis
820 672 959 734 cuiusvis
982 674 1181 757 imperatoris

74 773 134 837 sihi
158 773 324 836 construit.
368 772 430 835 Hic
451 792 539 850 vero,
562 795 657 857 quum
680 775 713 836 in
736 772 890 836 addendis
912 778 1005 861 regni
1028 779 1118 839 annis
1140 777 1182 842 ad

74 897 239 941 numerum
261 877 416 960 priorem,
442 885 478 940 ut
501 898 538 940 ex
562 896 602 940 eo
625 887 810 961 sequentem
834 877 894 941 sibi
916 877 1031 966 fingat,
1056 902 1180 946 annos

74 979 179 1045 solum
201 988 346 1043 numeret
368 979 524 1065 plenoS,
547 1001 699 1063 nusquam
723 979 790 1043 fere
811 980 851 1043 ad
870 1003 993 1046 menses
1008 987 1181 1070 respiciens

75 1093 106 1148 et
130 1083 208 1162 dies,
230 1087 292 1147 iam
314 1084 376 1147 hoc
399 1082 496 1147 modo
521 1093 630 1147 contra
655 1087 794 1167 quamvis
818 1089 1044 1150 accuratiorem
1060 1096 1181 1174 tempo-

74 1210 142 1252 rum
166 1185 386 1252 definitionem
409 1197 521 1272 peccat
543 1191 733 1251 necessario.
785 1188 900 1272 Neque
925 1189 1087 1255 meliorem
1110 1192 1181 1257 red-

74 1290 119 1355 dit
140 1311 210 1354 rem
232 1312 327 1370 suam,
351 1313 445 1377 quum
467 1290 565 1355 modo
588 1292 648 1369 hic,
670 1291 768 1355 modo
791 1290 864 1369 illic,
887 1314 964 1356 sane
986 1316 1024 1357 ex
1038 1294 1180 1378 arbitrio,

73 1404 108 1458 ut
137 1391 280 1472 videtur,
310 1404 342 1458 et
368 1399 401 1457 in
428 1397 608 1458 universum
632 1404 753 1458 tantum
776 1405 831 1460 aut
853 1395 928 1481 quid
951 1395 1039 1461 addit
1061 1398 1102 1462 ad
1123 1422 1180 1465 nu-

72 1521 203 1577 merum,
226 1507 279 1562 aut
302 1497 498 1583 aliquantulo
523 1521 593 1561 eum
616 1500 737 1562 minuit.
788 1499 830 1562 At
851 1500 930 1562 haec
952 1501 1027 1564 ferri
1048 1514 1181 1587 possent

72 1602 191 1680 adhuc,
220 1606 254 1666 ni
283 1601 364 1666 adeo
394 1600 560 1665 falleretur
587 1605 621 1665 in
644 1605 782 1665 numeris
804 1601 988 1687 simpliciter
1011 1604 1178 1672 addendis:

16 1750 21 1761 ·
47 1727 117 1796 ⁴er.
142 1727 190 1792 gr.
214 1709 242 1769 si
265 1709 329 1771 790
358 1727 475 1768 annum
497 1705 584 1768 urbis
607 1710 741 1790 primum
765 1704 934 1794 Caligulae
957 1707 1046 1787 dicit,
1076 1710 1179 1776 eidem

10 1854 15 1877 ι
69 1831 151 1874 non
180 1809 341 1896 plenum
371 1809 613 1895 quadriennium
642 1807 808 1887 adscribit,
836 1821 868 1874 et
896 1809 1100 1878 nihilominus
1127 1837 1181 1879 an-

10 1926 14 1937 ·
69 1936 146 1979 num
171 1913 301 1980 Claudii
329 1917 462 1999 primum
494 1915 557 1977 795
586 1935 616 1975 u.
643 1915 751 1997 ponit;
780 1923 835 1976 aut
863 1918 889 1977 si
911 1917 1036 1980 Neroni
1063 1939 1179 1983 annum

23 2044 28 2051 ·
69 2041 101 2083 u.
125 2018 206 2096 808,
235 2027 271 2080 ut
301 2021 367 2081 cius
391 2020 540 2103 primum,
569 2015 732 2103 praefigit,
763 2027 794 2079 et
817 2018 1055 2102 quatuordecim
1077 2043 1180 2087 annos

69 2142 138 2187 non
153 2121 269 2207 plenos
286 2142 357 2184 eum
373 2142 523 2208 regnasse
540 2123 659 2198 asserit,
684 2130 778 2205 atque
793 2142 911 2185 annum
928 2122 1061 2202 Galbae,
1077 2126 1180 2190 Otho·

69 2228 121 2291 nis
145 2234 179 2290 et
189 2224 314 2290 Vitellii
337 2227 402 2290 824
426 2224 600 2289 contendit.
636 2223 788 2308 Quamvis
811 2234 923 2303 autem,
947 2226 1028 2291 adeo
1045 2230 1179 2294 fontium

70 2350 211 2409 snorum,
234 2333 452 2394 auctoritatem
477 2333 650 2416 impugnat,
673 2330 875 2413 Vespasiano
900 2338 964 2394 tres
988 2341 1108 2397 tantum
1132 2355 1180 2398 as-

70 2436 203 2522 signans
227 2455 336 2512 annoS,
361 2437 410 2498 cui
433 2433 551 2519 ubique
567 2454 669 2517 paene
686 2431 794 2496 decem
812 2432 1035 2499 attribuuntur.
1072 2436 1179 2521 Quod,

70 2540 145 2625 quia
175 2537 378 2601 nihilominus
401 2562 432 2623 p.
449 2538 523 2601 482.
548 2558 609 2599 sec.
633 2537 823 2621 Eutropium
846 2540 987 2622 scripsit,
1008 2541 1180 2625 Vespasia-

69 2665 145 2706 num
176 2662 261 2706 anno
283 2657 400 2705 'nono
431 2643 626 2724 principatus
655 2642 704 2702 sui
733 2638 866 2717 obiisse,
897 2643 1179 2708 metachronismos

70 2747 183 2811 Orosii
212 2750 245 2809 in
274 2747 333 2808 hac
363 2747 469 2830 operis
499 2753 589 2829 parte
620 2752 749 2806 eatenus
773 2745 939 2822 imminuit,
969 2744 1106 2810 utillud
1129 2750 1180 2810 vix

71 2872 147 2914 casu
170 2849 286 2913 factum
310 2851 379 2934 quis
403 2847 534 2911 credere
556 2849 668 2932 possit.
693 2884 732 2897 -
764 2846 918 2911 Orosium
945 2857 1048 2912 autem
1072 2870 1180 2913 nume-

69 2975 125 3017 ros
154 2953 215 3016 hos
243 2951 502 3016 mendosissimos
532 2951 718 3037 plerumque
740 2953 843 3036 ipsum
866 2953 927 3014 iam
951 2951 1104 3032 edidisse,
1132 2975 1180 3018 se-

70 3065 207 3143 quentes
229 3077 354 3141 semper
376 3059 498 3119 numeri
520 3054 636 3118 adsunt
659 3064 765 3119 testes.
805 3054 910 3138 Quem
932 3059 966 3119 in
986 3056 1115 3120 modurn
1131 3079 1180 3122 re·

69 3160 131 3226 bus
162 3182 305 3248 magnam
335 3169 456 3243 partem
481 3159 643 3244 explicatis
668 3181 686 3222 a
708 3157 895 3244 vulgaribus
919 3159 1066 3236 diversis,
1094 3182 1180 3224 men-

71 3264 160 3328 dosis
184 3274 216 3328 et
237 3263 325 3327 falsis
349 3262 579 3349 chronologiae
595 3263 783 3341 Orosianae,
807 3284 888 3346 quae
909 3271 1030 3326 restant
1046 3263 1180 3328 chrono-

70 3367 187 3455 logica,
211 3390 281 3431 oum
303 3390 377 3432 aera
395 3366 530 3432 Catonis
553 3369 770 3454 congruentia,
793 3369 826 3429 ni
848 3366 932 3430 forte
948 3365 1077 3432 aliunde
1099 3390 1181 3433 sum·

70 3481 125 3557 pta
150 3481 329 3552 enotantur,
352 3473 530 3559 praemissis
552 3470 615 3534 illis
640 3469 796 3548 omnibns,
819 3469 948 3533 lortuita
971 3474 1070 3557 magis
1093 3493 1181 3537 casu-

71 3599 133 3661 que
157 3575 240 3639 facta
264 3581 386 3662 opiner.

162 3680 255 3764 Quae
279 3702 356 3768 ergo
382 3681 492 3769 colligi
514 3682 640 3766 possint
661 3680 740 3743 haec
760 3688 846 3744 sunt:
871 3700 908 3741 ex
930 3676 1059 3740 arbitrio
1076 3677 1181 3742 noluit

71 3783 199 3869 quidem
228 3806 325 3871 agere
348 3785 485 3850 Orosius
517 3788 550 3847 in
576 3783 826 3871 chronologicis,
854 3780 911 3846 scd
934 3784 1041 3865 potius
1064 3820 1108 3830 -
1132 3802 1181 3849 ex·

71 3889 172 3973 ceptis
207 3887 335 3952 aliunde
366 3888 532 3973 descriptis
563 3924 602 3933 —
634 3909 786 3972 nusquam
815 3909 882 3952 non
912 3888 1181 3969 computationem

71 4013 228 4055 annorum
253 4013 364 4056 eruere
388 3991 525 4071 studuit,
549 3999 622 4055 ante
645 3991 806 4057 Christum
828 3987 1001 4054 secundum
1025 3987 1181 4054 elementa

72 4095 272 4175 Eusebiana,
299 4105 373 4181 post
397 4119 468 4160 eum
491 4093 663 4160 secundum
687 4117 788 4159 annos
810 4097 980 4179 praecipue
1003 4092 1043 4158 ab
1068 4091 1181 4157 eodem

73 4199 215 4265 Eusebio
245 4198 467 4286 suppeditatos
497 4203 720 4286 imperatorum
744 4237 784 4249 -
809 4199 927 4285 ubique
955 4200 1053 4285 igitur
1075 4219 1113 4261 ex
1134 4218 1182 4260 ra-
