2640 4764
629 191 693 259 170

106 377 210 432 torum
232 367 456 433 miraculorum
477 369 589 447 relatu,
614 378 795 455 praesumta
817 367 993 433 mentiendi
1014 367 1217 456 impudentia,

105 476 168 538 nisi
189 472 294 538 adhuc
313 493 427 537 vocem
450 485 591 537 nostram
615 476 874 538 conscicntia
899 493 1045 551 eorum,
1069 476 1138 558 qui
1160 477 1217 538 in-

106 577 304 655 terfuere,
333 584 584 662 praecurreret“.
614 584 665 664 (p.
686 581 783 657 566.)
814 614 853 628 ·-
887 575 986 641 Certe
1016 599 1035 641 e
1064 581 1216 641 memoria

105 685 276 769 proposuit
304 683 458 759 Orosius,
488 703 569 767 qnae
598 685 690 746 initio
713 684 755 746 37
787 680 828 745 de
850 679 1001 757 Ruifiuo,
1031 680 1215 761 Stilichone,

107 785 235 850 Alarico
258 795 292 850 et
313 785 353 850 de
377 786 493 851 Gothis
516 789 618 850 miuus
642 784 853 872 explicantur,
880 808 973 870 quam
995 784 1216 870 significantur

105 900 235 968 tantum,
257 900 293 955 ut
316 894 408 954 etiam
430 893 545 955 iterum
566 894 742 974 iterumque
759 893 977 975 praepositum
999 891 1138 966 „Taceo
1155 889 1215 955 de“

104 993 233 1059 indicat.
284 994 325 1058 At
354 1015 436 1079 quae
464 996 608 1078 sequitur
635 996 820 1078 irruptionis
841 991 1038 1080 Rhadagaisi
1061 993 1214 1057 eiusdem-

105 1119 168 1182 que
195 1100 341 1162 interitus
364 1097 428 1162 lata
451 1109 484 1161 et
506 1109 618 1161 ornata
647 1108 742 1182 atque
764 1098 862 1161 rebus
886 1118 1014 1182 quoque
1035 1097 1108 1162 aliis
1132 1098 1213 1162 adhi-

105 1200 173 1265 hita
200 1205 337 1279 mentio,
364 1205 476 1267 iterum
508 1201 719 1289 Augustinum
748 1200 802 1279 (d.
819 1223 845 1266 c.
861 1202 904 1266 D.
927 1203 968 1280 V,
985 1203 1055 1281 23.)
1085 1205 1212 1265 maxime

105 1309 200 1391 sapiu
234 1326 343 1369 rursus
377 1317 481 1370 autem
513 1305 626 1369 eodem
655 1304 850 1390 locupletior
878 1308 911 1369 in
939 1327 1018 1370 vere
1047 1305 1210 1370 historicis.

104 1409 162 1475 Sin
185 1419 290 1474 autem
305 1410 443 1474 Orosius
467 1411 519 1495 (p.
532 1412 598 1474 666
614 1418 646 1473 et
662 1414 723 1494 sq.)
746 1408 941 1496 Rhadagaisi
964 1412 1075 1495 copias
1098 1409 1140 1473 ad
1162 1409 1212 1473 du-

105 1525 196 1579 centa
219 1513 305 1576 milia
329 1513 425 1578 luisse
441 1515 546 1592 refert,
570 1524 602 1578 et
617 1517 719 1599 primo
735 1513 810 1578 loco
833 1514 994 1592 „ferunt“,
1017 1513 1122 1578 altero
1146 1535 1210 1590 „se

105 1617 244 1682 cundum
273 1638 329 1682 eos
357 1620 411 1702 qui
434 1621 616 1703 parcissime
638 1617 803 1682 releruut“
827 1617 948 1696 adiicit,
978 1618 1117 1683 fortasse
1139 1618 1212 1680 haec

104 1723 202 1786 verba
225 1724 404 1807 posteriora
426 1726 577 1809 scriptum
601 1722 767 1806 quemdam
790 1723 911 1786 fontem
935 1725 1086 1801 innuunt,
1109 1743 1212 1786 nume-

104 1846 159 1889 rus
180 1845 259 1889 vero
281 1827 462 1913 Augustino
487 1825 507 1891 l.
523 1825 543 1890 l.
568 1824 766 1903 adversatur,
796 1848 891 1911 quum
916 1829 944 1890 is
965 1846 1034 1890 uon
1056 1829 1120 1890 nisi
1145 1847 1210 1889 cen·

105 1939 170 1994 tum
199 1929 284 1993 milia
312 1928 518 2018 Rhadagaiso
548 1928 755 2009 adscribat.⁵)
777 1968 822 1979 -
853 1928 963 2014 Caput
984 1931 1028 1994 38
1060 1929 1102 1995 de
1133 1929 1211 1995 Stili-

104 2033 218 2098 chonis
247 2045 279 2100 et
308 2033 366 2098 filii
396 2037 463 2098 eius
487 2034 635 2098 Eucherii
662 2033 883 2098 molitionibus
914 2043 946 2098 et
973 2036 1107 2098 interitu
1136 2037 1208 2120 agiu

104 2137 160 2202 ubi
183 2159 249 2202 nou
272 2138 378 2223 liquet,
400 2160 474 2202 num
490 2136 545 2201 illa
566 2140 666 2216 „sicut
681 2160 698 2201 a
713 2138 876 2223 plerisque
892 2136 1044 2201 traditur“
1066 2143 1112 2222 (p.
1126 2140 1210 2214 571.)

104 2242 165 2321 (de
187 2243 335 2307 Eucherii
357 2242 588 2306 intentionibus
612 2240 763 2306 adversus
786 2241 882 2306 iidem
906 2239 1152 2319 Christianam),
1174 2241 1210 2304 de

103 2345 312 2411 relationibus
335 2349 467 2430 scriptis,
490 2366 530 2408 au
554 2343 594 2409 de
617 2347 771 2430 opinione
794 2355 870 2410 tunc
891 2345 1014 2432 vulgari
1039 2344 1210 2408 dictasint.

104 2451 273 2514 Praeterea
295 2470 355 2513 suo
377 2459 522 2534 tempore
544 2453 707 2513 notissima
730 2471 875 2535 quaeque
897 2449 950 2513 hic
970 2449 1117 2514 retulerit
1131 2450 1212 2514 Oro·

104 2556 179 2618 sius.
202 2589 245 2602 -
276 2552 357 2638 Cap.
372 2555 438 2617 39.:
470 2553 613 2618 Alaricus
636 2555 768 2618 Romae.
805 2554 845 2616 cf.
870 2553 953 2640 Aug.
976 2553 1007 2616 d.
1029 2574 1057 2617 c.
1078 2554 1122 2617 D.
1146 2553 1212 2631 l,l

104 2661 194 2744 impr.
238 2657 357 2722 Procul
380 2656 479 2721 dubio
503 2657 677 2722 secundum
701 2657 833 2721 aliorum
857 2656 1041 2721 relationes.
1085 2655 1213 2722 Nullius

103 2762 201 2849 plane
222 2765 375 2826 momenti
397 2773 446 2825 est
467 2760 547 2824 illud
569 2772 627 2838 „ut
651 2761 779 2824 leruut“
802 2767 853 2846 (p.
866 2763 971 2841 574),
1001 2782 1063 2823 rrec
1084 2763 1148 2822 nisi
1170 2781 1215 2823 re-

104 2869 218 2954 giones
240 2868 365 2930 Romae
386 2867 508 2929 Nostro
533 2867 660 2951 ignotas
683 2864 751 2928 fere
774 2865 891 2950 prodit.
910 2905 955 2915 -
976 2866 1214 2930 Accuratiorem

105 2981 215 3034 contra
240 2979 272 3033 et
292 2991 397 3032 rerum
421 2979 453 3032 et
475 2989 682 3052 personarum
706 2971 937 3055 cognitionem,
966 2972 1081 3054 partim
1105 2968 1215 3033 saltem

105 3082 207 3138 ortam
232 3094 250 3136 e
272 3074 509 3157 propinquitate
530 3071 691 3136 verisimili
714 3072 868 3153 locorum,
890 3073 1005 3159 quibus
1029 3082 1063 3137 et
1077 3074 1216 3161 ageban-

104 3176 252 3244 turillae
276 3187 308 3240 et
329 3176 406 3240 uixit
428 3187 548 3253 auctor,
571 3177 712 3241 indicant
735 3200 816 3263 quae
839 3180 873 3242 in
895 3201 964 3265 cap.
980 3179 1023 3242 40
1048 3187 1175 3242 exstant
1189 3176 1215 3256 ⁸)

104 3280 161 3346 de·
176 3285 389 3367 occupatione
419 3281 594 3346 Galliarum
624 3303 683 3367 per
708 3281 846 3360 Alanos,
875 3282 1015 3360 Suevos,
1037 3281 1216 3360 Vandalus,

103 3407 124 3449 a
146 3383 322 3448 Stilichone
350 3382 453 3448 adhuc
480 3387 651 3462 immissos,
682 3385 722 3450 de
746 3386 901 3452 Gratiano
931 3390 965 3451 in
987 3389 1157 3451 Britannia
1185 3396 1217 3450 et

103 3508 177 3551 mox
193 3488 386 3554 Constantio
410 3488 621 3575 surgentibus
645 3488 685 3552 de
709 3489 849 3554 eiusdem
872 3494 904 3554 in
921 3490 1060 3555 Galliam
1078 3495 1217 3555 transitu

105 3595 193 3657 etin
214 3593 382 3678 Hispanias
404 3594 599 3669 intentione,
622 3592 661 3656 de
685 3593 818 3679 Didymi
841 3605 874 3658 et
896 3596 1065 3659 Veriniaui
1088 3617 1217 3660 servan-

103 3695 166 3762 dae
187 3700 309 3781 patriae
332 3717 426 3759 causa
450 3696 619 3761 conatibus
641 3708 674 3760 et
694 3718 775 3762 nece
797 3721 854 3784 per
870 3698 1091 3785 Constantem,
1114 3700 1216 3764 filium

104 3799 289 3867 Constantii
311 3810 344 3863 et
365 3801 583 3879 Honoriacos,
607 3823 624 3863 a
648 3801 763 3886 quibus
785 3801 924 3888 denique
946 3804 1125 3889 Hispaniae
1147 3804 1217 3868 bar-

174 4051 209 4122 5)
232 4051 329 4108 Zosim.
348 4051 383 4121 V,
398 4055 456 4110 aa:
485 4051 587 4110 CCCC
609 4052 682 4109 milia
704 4053 800 4122 habet,
825 4056 901 4113 cuius
925 4065 1014 4114 umen
1038 4059 1160 4114 narratio
1184 4056 1217 4113 ab

104 4139 227 4197 omnihus
245 4137 305 4195 aliis
324 4138 447 4197 discedit.
485 4139 527 4196 cf.
546 4138 716 4199 Reitemeier.
736 4140 771 4198 ad
788 4140 815 4198 h.
827 4141 845 4199 l.

174 4224 210 4296 6)
233 4225 277 4284 Gi.
295 4226 393 4284 Zosim.
412 4225 570 4305 v1,asqq.
