2640 4764
694 183 737 250 60

250 360 287 424 In
310 359 393 426 libro
417 360 555 447 denique
577 359 698 440 ultimo,
720 364 866 448 septimo,
894 363 1013 425 utiam
1035 360 1162 442 dictum,
1186 363 1268 428 Oro-

163 465 227 527 sius
243 464 610 552 Eu'sebio-Hieronymo
633 469 805 551 praecipue
829 476 877 530 cst
898 488 982 544 usus,
1003 470 1048 529 ita
1071 488 1149 531 vero
1174 475 1210 530 ut
1227 466 1269 529 ia-

164 567 279 632 cillime
308 569 407 634 ferme
435 579 467 633 et
493 572 526 633 in
548 570 644 634 rebus
669 573 755 635 etin
777 570 884 635 verbis
907 582 1159 657 recognoscatur
1182 571 1270 635 chro-

162 674 268 735 nicon.
315 675 436 737 Tamen
460 663 690 738 accuratissima
713 674 816 740 ubivis
840 674 994 751 definitio,
1018 673 1104 738 unde
1126 677 1195 738 sive
1210 675 1269 738 hoc

163 779 230 840 sive
252 775 332 841 illud
354 787 512 843 mutuatus
535 782 577 841 sit
598 779 727 857 Noster,
756 777 920 843 difficihor
943 799 983 842 eo
1007 777 1160 856 redditur,
1185 777 1270 864 quod

162 901 328 966 quousque
350 882 496 946 Suetonii
518 885 603 947 vitae
626 883 756 960 adsunt,
786 903 857 961 eae,
879 891 1055 968 posteaque
1077 902 1145 946 non
1169 885 1268 946 minus

163 986 407 1072 Eutropius,²²)
437 989 490 1072 qui
518 986 626 1050 itidem
649 987 836 1051 Suetonium
863 989 1030 1071 excerpsit,
1059 989 1093 1049 in
1117 987 1267 1050 chronico

163 1087 203 1152 ad
226 1100 332 1176 partes
354 1101 524 1171 vocantur,
555 1114 648 1176 quum
672 1091 808 1156 Orosius
833 1110 942 1154 omnes
966 1100 1044 1168 tres,
1073 1090 1268 1168 Suetonium,

161 1192 350 1278 Eutropium
373 1206 405 1258 et
419 1195 650 1281 Hieronymum
670 1194 710 1259 ad
725 1216 835 1259 manus
851 1193 969 1272 habuit,
991 1197 1122 1280 iisque
1147 1197 1269 1259 omni-

161 1295 234 1361 bus
258 1320 337 1363 uno
361 1298 581 1386 eodemque
604 1312 786 1386 tempore
809 1320 902 1363 usus
927 1308 995 1362 est.
1040 1298 1106 1362 Ubi
1131 1322 1150 1364 e
1172 1303 1269 1364 minu-

162 1400 252 1465 sculo
281 1405 407 1488 saepius
429 1407 463 1467 in
488 1406 580 1469 huius
603 1403 716 1468 illusve
739 1403 881 1466 favorem
905 1402 1042 1466 discerni
1064 1402 1175 1483 debet,
1205 1425 1269 1468 sae-

161 1508 233 1591 pius
256 1516 360 1571 autern
383 1507 550 1573 discrimen
572 1511 624 1572 vix
646 1507 719 1571 fieri
741 1516 857 1594 potest.
896 1506 995 1570 Sicuti
1018 1509 1102 1571 iuter
1121 1508 1181 1571 hos
1198 1517 1268 1586 tres,

160 1613 204 1673 ita
227 1620 342 1694 postea
367 1615 450 1677 inter
472 1613 660 1699 Eutropium
684 1621 716 1677 et
738 1614 970 1697 Hieronymum
993 1609 1155 1676 difficilius
1179 1614 1269 1675 etiam

162 1712 407 1780 diiudicandum.

231 1831 349 1889 Primum
374 1834 454 1910 igitur
476 1834 504 1889 in
527 1834 673 1891 secundo
696 1833 779 1889 libri
802 1834 937 1910 septimi
962 1835 1072 1911 capite
1094 1853 1121 1910 p.
1137 1836 1192 1890 453
1209 1854 1268 1909 sqq.

161 1918 249 1975 denuo
267 1922 295 1975 in
314 1940 484 1977 numerorum
502 1920 647 1977 relationes
665 1922 794 1996 mysticas
807 1919 959 1990 incidimus,
978 1940 1090 1997 quarum
1101 1940 1195 1996 magua
1207 1941 1269 1998 pars

161 2007 213 2061 iam
231 2005 268 2074 ll,
286 2009 311 2062 3.
330 2009 485 2084 proposita,
510 2007 554 2063 hic
571 2006 652 2064 latius
670 2011 795 2075 iteratur,
818 2015 845 2062 et
864 2026 930 2081 quas
949 2026 1033 2081 aeque
1050 2005 1096 2062 hic
1115 2016 1196 2082 atque
1214 2007 1269 2063 illic

161 2113 194 2147 ex
218 2091 340 2148 chronici
357 2092 502 2148 Eusebiani
521 2094 764 2172 comparationibus
783 2103 890 2148 exortas
908 2095 1069 2171 accipiamus
1088 2113 1202 2150 necesse
1221 2103 1268 2148 est.

160 2177 203 2234 Ne
221 2177 322 2235 diutius
339 2178 383 2234 his
402 2200 500 2249 morer,
519 2181 592 2255 quod
610 2181 644 2236 ad
660 2180 830 2256 Carthaginis
849 2189 877 2235 et
894 2182 969 2256 regni
981 2179 1148 2236 llacedouici
1166 2190 1270 2257 spectat

162 2264 362 2322 diuturnitatem
381 2267 425 2344 (p.
436 2268 607 2337 454-455.)
626 2265 659 2323 cl.
674 2277 775 2323 tantum
787 2266 887 2322 Euseb.
906 2265 1145 2335 Coissa-384,
1164 2267 1212 2322 ubi
1230 2265 1269 2321 illi

162 2352 308 2408 secundum
327 2363 450 2409 auctores
469 2351 574 2428 aliquos
593 2355 654 2421 668,
674 2373 727 2409 sec.
744 2351 811 2409 alios
831 2357 883 2409 748
901 2352 963 2408 anni
975 2351 1164 2408 adscribuntur
1183 2352 1268 2421 (conl.

162 2459 183 2494 c.
196 2438 308 2515 Eutrop.
323 2437 370 2506 IV,
383 2442 409 2494 5.
428 2449 495 2495 extr.
508 2438 549 2515 p.)
568 2449 594 2494 et
612 2439 646 2494 ad
664 2461 686 2495 a.
700 2440 764 2495 Abr.
785 2441 855 2495 1850
872 2438 952 2511 (Col.
961 2440 1035 2507 379.)
1055 2447 1082 2493 et
1102 2440 1171 2492 1204
1190 2439 1267 2508 (cot.

159 2525 244 2596 272),
262 2526 334 2582 unde
351 2525 414 2582 huic
432 2528 484 2582 646
503 2528 564 2581 anni
584 2525 721 2582 resultant.
757 2526 841 2602 lgitur
859 2535 886 2581 et
903 2527 931 2580 in
948 2525 991 2581 his
1004 2526 1111 2580 minime
1123 2545 1270 2602 congruen-

160 2613 197 2666 tia
216 2614 413 2669 accuratissima
430 2612 531 2668 Oresio
550 2614 664 2669 suffecit.
679 2612 725 2681 ²³)
738 2643 770 2652 -
789 2612 832 2669 Ad
851 2611 990 2669 historiam
1009 2613 1060 2666 iam
1078 2613 1269 2688 imperatorum

159 2696 341 2755 Romanorum
358 2703 431 2756 versi
449 2700 683 2756 animadvertimus
701 2701 730 2754 in
749 2701 904 2756 universum
922 2696 1033 2753 eandem
1045 2698 1268 2755 numerandorum

160 2805 252 2842 eorum
273 2796 339 2864 post
360 2786 511 2862 Augustum
534 2788 664 2842 rationem
687 2788 715 2842 in
738 2786 838 2841 Oresio
862 2794 889 2840 et
911 2787 940 2840 in
957 2783 1135 2858 Hieronymo,
1160 2806 1194 2841 ex
1219 2807 1267 2861 qua

160 2871 231 2948 apud
255 2882 396 2947 utrumque
420 2882 448 2927 ct
470 2883 525 2928 tres
549 2871 589 2927 illi
608 2871 707 2940 Galba,
731 2871 805 2927 Otho
824 2882 851 2927 et
868 2869 995 2928 Vitellius
1013 2881 1195 2928 memorantur
1214 2875 1268 2944 qui·

159 2957 230 3025 dem,
248 2978 298 3012 nec
315 2978 381 3013 vero
399 2967 584 3026 numerantur;
602 2961 666 3014 item
683 2958 730 3015 ubi
749 2978 792 3013 res
811 2957 987 3013 secundum
1006 2977 1109 3013 annos
1127 2959 1268 3036 impera·

160 3052 269 3099 toturn
293 3043 378 3100 adfert
397 3044 526 3112 Orosius,
551 3045 579 3099 in
600 3043 653 3101 hoe
677 3065 785 3121 quoque
802 3044 948 3100 Eusebium
969 3054 1124 3120 sequentem
1144 3044 1267 3102 ohserva-

159 3149 231 3196 mus;
255 3132 354 3205 pariter
377 3133 455 3187 etiam
475 3133 579 3187 numeri
601 3152 731 3187 annorum
755 3133 830 3205 regni
851 3132 980 3207 cuiusque
997 3132 1167 3208 imperatoris
1187 3132 1266 3189 iidem

158 3219 297 3272 maximam
319 3228 437 3294 partem,
460 3216 509 3274 sed
531 3227 558 3273 et
576 3216 691 3274 discedit
708 3216 776 3274 alter
794 3218 827 3273 ab
846 3216 938 3276 altero.
980 3218 1121 3274 Praeterea
1140 3216 1208 3275 haee
1225 3219 1266 3274 ha-

158 3302 222 3358 beas
241 3302 344 3377 singula
363 3325 396 3360 ex
413 3302 716 3378 Eusebio-Hieronymo
734 3306 910 3381 transscripta
928 3304 961 3360 ab
982 3304 1096 3359 Oresio:

230 3388 288 3458 Vll,
301 3392 325 3445 3.
346 3411 372 3467 p.
382 3392 442 3446 458.
461 3410 554 3459 „anno
573 3392 679 3467 imperii
697 3389 821 3447 Caesaris
839 3388 976 3448 XLVlll“
995 3411 1048 3448 see.
1067 3391 1168 3448 Euseb.
1181 3393 1228 3462 ²⁴)

159 3537 359 3546 -—-——-

228 3621 280 3689 22)
304 3618 388 3675 Multa
405 3619 587 3676 verisimiliter
599 3619 762 3697 Hieronymo
782 3621 912 3700 imprimis
931 3620 1071 3688 debentur,
1090 3622 1137 3697 qui
1157 3621 1263 3679 aTroia

160 3714 235 3783 capta
257 3725 343 3781 usque
364 3705 398 3760 ad
417 3704 624 3762 Constantinum
642 3728 690 3775 m,
714 3709 784 3765 unde
807 3710 858 3763 iam
881 3706 956 3764 solus
980 3717 1035 3777 est,
1059 3706 1137 3785 plura
1160 3709 1263 3765 adiecit

159 3791 202 3847 Cf.
220 3791 303 3869 prael.
315 3791 424 3848 Hieron.
442 3813 468 3868 p.
480 3796 503 3848 7.
523 3793 564 3850 ed.
576 3792 698 3850 Horreall.
718 3817 749 3850 ae
767 3803 904 3871 praeterea
923 3815 991 3871 quae
1003 3795 1054 3850 iam
1066 3795 1125 3851 init.
1139 3794 1196 3852 hui.
1209 3817 1262 3874 cap.

160 3877 194 3934 de
210 3877 260 3933 hae
278 3877 390 3934 fontium
408 3877 503 3935 Nostri
521 3880 675 3937 conditione
693 3882 885 3958 praemisimus.

228 3965 281 4034 23)
305 3963 348 4021 Cf.
366 3985 433 4040 quae
451 3965 501 4022 sub
521 3966 641 4024 chronol.
660 3970 689 4024 in
707 3970 800 4044 §.seq
819 3966 902 4037 (Tab.
914 3966 945 4023 ll.
965 3988 990 4044 p.
1002 3969 1043 4037 l.)
1063 3966 1096 4023 ad
1111 3967 1163 4038 JV,
1176 3972 1219 4025 23.
1238 3978 1262 4025 et

158 4047 192 4118 V,
205 4053 231 4106 3.
250 4053 441 4108 annotavimus.
545 4063 546 4067 ’

228 4137 280 4208 24)
304 4136 333 4192 ln
352 4137 414 4194 edit.
428 4137 548 4196 Roncall.
564 4143 599 4196 49
617 4161 658 4196 an.
678 4149 732 4195 est:
756 4139 906 4195 differentia
922 4141 1030 4216 saepius
1044 4142 1132 4210 obvia,
1152 4142 1202 4200 sed
1214 4162 1261 4199 ma·

158 4226 203 4299 gni
220 4225 265 4283 vix
282 4228 417 4284 momenti.
448 4225 489 4284 cf.
510 4236 647 4304 praeterea
667 4225 763 4302 Scalig.
782 4226 912 4283 animadv.
931 4225 1029 4284 Euseb.
1049 4250 1076 4306 p.
1090 4230 1148 4285 179.
