2640 4764
580 218 591 231 .
664 165 683 229 7

112 351 280 427 ventuque
301 339 483 422 facillimos,
505 362 571 406 non
595 340 899 419 anirnadvertemnt,
927 343 969 405 ite
993 351 1030 406 ut
1051 362 1111 406 nec
1133 341 1222 407 dees·

111 457 187 511 sent
209 448 271 509 viri
290 444 444 523 illustres,
467 449 520 531 qui
542 449 761 532 vituperarent
781 446 950 524 Nostrum,
973 443 1055 508 adeo
1079 449 1220 511 convicia

112 553 144 615 ei
168 552 362 638 ingererent.
405 550 476 613 Nec
497 549 629 615 multum
652 550 769 627 aberat,
796 551 976 634 quinquae
999 548 1164 635 plurimum
1187 554 1220 614 in

112 655 250 743 gloriam
271 654 384 718 Nostri
407 654 615 732 contulerant
638 656 856 718 auctoritatem
880 652 1020 717 eiusdem
1043 654 1111 717 fere
1135 653 1221 718 dele-

110 767 192 836 rent,
217 780 311 843 quum
328 756 603 823 Christianum
625 757 781 822 nonnulla
803 757 943 819 scienter
957 758 1123 821 invertisse
1147 757 1220 839 (vel

110 883 149 924 ex
180 860 310 924 arbitrio
340 864 518 941 omisisset,
552 866 644 928 sicuti
672 862 800 926 finxisse
831 858 985 945 quaedam
1012 863 1217 926 invenissent.

109 966 213 1029 Erant
227 963 361 1050 quidem,
383 969 555 1051 praecipue
572 966 720 1044 editores,
737 966 785 1044 ¹⁷)
806 965 860 1049 qui
875 963 988 1028 Orosii
1002 962 1114 1028 laudes
1128 987 1218 1050 prae·

107 1067 263 1146 dicarent,
286 1077 318 1131 at
340 1089 397 1132 eos
421 1067 644 1134 obmutescere
667 1071 818 1154 oportuit,
842 1089 936 1153 quum
954 1068 1110 1152 vituperia
1132 1090 1218 1133 men-

108 1170 161 1235 dis
186 1171 340 1257 factisque
362 1192 429 1235 non
451 1173 608 1260 negandis
629 1177 820 1248 niterentur,
848 1179 881 1234 et
909 1193 927 1233 a
951 1169 1128 1234 clarissimis
1152 1175 1218 1257 qui-

107 1273 236 1360 busque
258 1277 347 1352 viris,
374 1277 500 1361 Lipsio,
523 1279 680 1356 Baronio,
704 1274 915 1351 Casaubono‚
938 1274 1116 1362 Scaligero,
1139 1275 1216 1354 aliis,

107 1378 383 1443 vehementissime
407 1390 510 1443 autem
540 1403 558 1444 a
581 1381 716 1468 sigonio
740 1380 1036 1466 pronunciarentur.
1051 1379 1092 1459 ¹⁸)
1144 1380 1217 1442 Hoc

106 1480 207 1546 modo
232 1494 341 1547 exutus
363 1487 551 1549 auctoritate
574 1486 719 1562 Orosius,
747 1504 815 1546 non
839 1481 972 1566 amplius
994 1503 1063 1545 eam
1084 1503 1217 1568 recupe-

105 1607 179 1650 rare
207 1589 325 1671 potuit,
355 1610 450 1674 quum
473 1593 581 1675 etqui
603 1590 715 1653 iustius
739 1585 986 1670 clementiusque
1008 1585 1048 1649 de
1072 1607 1112 1650 eo
1134 1585 1216 1650 iudi-

105 1712 223 1755 cavere
251 1693 309 1755 viri
338 1693 414 1758 clari
440 1703 473 1759 et
494 1692 649 1770 illustres,
666 1692 713 1771 ¹⁹)
742 1704 848 1754 tamen
869 1677 1000 1753 mendas
1023 1689 1215 1753 confiteren-

105 1804 167 1872 tur,
189 1815 293 1880 neque
315 1797 500 1862 audirentur
520 1818 598 1882 prae
619 1792 898 1879 vituperatoribus.
936 1793 1113 1857 Vetustatis
1136 1796 1216 1857 nim-

103 1896 168 1961 bus
197 1917 298 1982 aeque
326 1910 498 1965 evanuerat
519 1905 553 1965 in
576 1901 711 1976 Orosio,
740 1898 870 1961 bomine
892 1917 968 1958 sane
991 1917 1079 1961 novo
1103 1908 1214 1961 contra

104 2001 226 2079 Livius,
248 2001 425 2083 Sallustios,
449 2003 613 2081 Caesares,
637 2005 776 2067 Tacitus.
822 1999 944 2063 Statum
960 1998 1119 2083 quoddam
1133 2000 1214 2064 iudi-

106 2106 199 2181 cium,
221 2114 256 2168 ut
271 2127 368 2192 saepe
383 2105 422 2171 fit
443 2106 484 2171 de
506 2109 652 2194 personis
676 2125 845 2189 eammque
860 2102 956 2166 rebus
971 2106 1069 2189 gestis
1093 2113 1125 2167 et
1140 2106 1214 2168 scri-

104 2210 178 2293 ptis,
202 2211 368 2288 exstiterat,
392 2208 478 2294 quod
501 2213 697 2297 posteriores
720 2228 846 2292 semper
863 2229 881 2269 a
896 2206 1124 2292 superioribus,
1145 2230 1213 2271 mu·

103 2322 171 2374 tata
201 2312 347 2376 nonnihil
368 2314 481 2390 forma,
512 2335 679 2399 accepere,
708 2309 1002 2388 minime‘solliciti,
1031 2333 1106 2375 num
1129 2309 1213 2376 bene

103 2415 270 2479 fundatum
293 2420 343 2495 sit,
366 2439 407 2480 an
429 2417 520 2495 male,
542 2439 582 2481 an
606 2419 698 2481 etiam
721 2413 808 2479 aliud
830 2417 932 2499 possit
954 2435 1033 2478 esse.
1072 2415 1116 2479 At
1138 2437 1213 2500 qua-

103 2519 145 2583 lis
168 2523 411 2605 praeteritorum
434 2531 611 2606 temporum
635 2541 684 2582 ars
707 2521 829 2595 critica,
857 2517 1026 2581 inhaerens
1052 2518 1119 2582 fere
1143 2527 1212 2582 tota

103 2623 201 2687 rebus
224 2624 371 2711 singulis,
393 2647 435 2689 ne
458 2625 559 2689 dicam
580 2626 735 2701 minutiis,
763 2642 867 2708 prope
889 2642 1043 2706 nusquam
1066 2621 1107 2686 ad
1129 2643 1212 2686 surn-

176 2862 227 2930 17)
250 2860 293 2919 cf.
313 2883 346 2920 ex
364 2883 401 2940 gr.
413 2862 539 2920 dedicatt.
558 2862 689 2920 Ludorici
701 2861 845 2930 Thiboust,
865 2860 995 2928 Caesarii,
1013 2857 1165 2933 Bolsuingii
1183 2868 1210 2913 et

103 2946 220 3004 Fabricii
237 2947 435 3018 Marcodureni‚
452 2941 614 3028 praemissas
633 2949 697 3005 edit.
715 2949 826 3005 llaverc.

177 3047 228 3122 ls)
251 3052 362 3130 Lipsius
384 3054 416 3110 ad
441 3055 528 3112 Tacit.
552 3055 598 3132 pll.
617 3055 646 3110 ll.
665 3086 699 3096 —
726 3054 825 3109 Baron.
844 3054 873 3107 in
891 3050 978 3106 annal.
999 3085 1031 3094 -
1056 3049 1207 3106 Casaubon.

104 3139 139 3195 de
160 3140 218 3196 reb.
242 3142 327 3196 sacris
350 3150 378 3196 et
400 3140 496 3198 eccles.
518 3141 551 3197 ad
568 3141 679 3197 Baronii
696 3139 843 3215 prolegom.
863 3141 891 3192 in
909 3135 994 3192 annal.
1014 3145 1064 3190 etc.
1087 3137 1208 3193 exercitt.

103 3225 123 3281 l.
142 3247 165 3283 c.
179 3230 219 3282 12.
238 3246 264 3303 p.
274 3231 316 3283 to.
335 3225 509 3283 edl'raneol.
530 3230 606 3282 1615.
625 3228 651 3282 4,
674 3227 771 3281 nimiae
789 3223 956 3281 credulitatis
975 3221 1104 3278 Nostrum
1123 3223 1209 3296 arguit

103 3322 132 3368 et
155 3314 320 3387 ignorantiae
343 3312 485 3388 aliquando
508 3313 636 3368 mirificae
659 3314 687 3367 in
709 3311 765 3367 reb.
785 3311 895 3367 Roman.
919 3309 970 3378 (cl.
990 3317 1017 3363 et
1039 3307 1158 3364 eiusdem
1180 3310 1208 3363 in

104 3396 184 3454 eund.
204 3397 264 3454 libr.
282 3398 386 3477 proleg.
404 3419 431 3476 p.
444 3401 472 3428 *³*
484 3401 560 3466 ld),
583 3408 721 3476 praeterea
745 3407 772 3452 et
790 3395 883 3452 leudes
902 3394 1003 3450 Oresio
1022 3393 1154 3449 coneedit.
1175 3428 1206 3437 -

104 3483 226 3559 Scaliger
249 3483 282 3539 ad
301 3484 448 3540 Eusebium
469 3483 567 3560 plurib.
586 3484 651 3552 loc,
675 3485 794 3560 quamvis
817 3482 927 3551 (canon.
946 3481 1103 3553 isagogicas.
1127 3478 1144 3533 1.
1162 3477 1207 3535 1Π.

103 3573 200 3646 11323.
221 3580 248 3625 et
265 3573 294 3625 in
305 3570 404 3627 Euseb.
422 3568 519 3648 1164.)
539 3569 667 3626 Orosium
686 3579 844 3638 „auctorem
861 3565 981 3641 alioquin
994 3563 1072 3621 valde
1084 3563 1207 3619 bonum“

103 3665 132 3711 et
149 3658 266 3725 „utilem
284 3656 404 3733 alioquin
422 3666 557 3712 auctorem
572 3665 600 3711 et
611 3654 690 3711 valde
702 3654 903 3711 necessarium“
922 3653 1047 3707 nominet.
1065 3679 1097 3690 -
1119 3649 1152 3706 C.
1165 3650 1207 3706 Si·
1261 3696 1268 3709 .

102 3744 212 3818 genius:
231 3743 311 3799 iudic.
330 3743 364 3798 de
381 3743 502 3799 historie.
523 3744 569 3819 qui
587 3761 630 3796 res
643 3739 719 3796 Rom.
733 3743 900 3817 scripserunt
918 3760 941 3794 e.
953 3740 996 3815 31.
1015 3735 1068 3803 ,,Ρ.
1082 3735 1208 3804 Orosius,

101 3827 229 3904 indignus
247 3828 371 3885 historici
388 3831 517 3884 nomine“
537 3838 586 3883 etc.
607 3857 635 3868 -
662 3826 845 3883 collectiones
863 3824 985 3880 iudicior.
1003 3821 1056 3878 buc
1072 3825 1207 3901 pertinen·

100 3915 168 3971 tium
187 3915 270 3971 hebes
289 3936 329 3993 ap.
342 3914 545 3991 Pope·Blount‚
564 3913 624 3969 libr.
643 3911 711 3967 infra
730 3910 861 3967 laudando
881 3921 907 3966 et
926 3931 968 3978 ap.
981 3908 1079 3966 Funcc.
1099 3909 1133 3964 de
1149 3929 1206 3984 vcg.

102 3999 149 4056 lat.
169 4000 232 4076 ling.
252 4013 352 4058 seneet.
372 4004 447 4072 §.bl
888 4011 889 4015 ’

177 4107 228 4175 19)
248 4105 280 4162 G.
299 4109 412 4162 Vossius
432 4128 471 4161 ex.
490 4125 527 4180 gr.
547 4103 667 4180 adeoque
687 4103 814 4177 Scaliger,
833 4104 878 4176 qui
898 4099 991 4157 Nostri
1010 4105 1037 4156 in
1055 4100 1117 4156 bist.
1129 4100 1205 4156 Rom.

104 4194 221 4270 pretium
239 4195 358 4249 sensisse
376 4193 491 4259 videtur,
511 4201 536 4247 at
549 4192 624 4246 cuius
637 4188 729 4245 laudes
742 4191 828 4245 minus
841 4199 948 4266 apertae
960 4209 1038 4264 quam
1051 4189 1189 4264 vituperia.
