2640 4764
704 174 748 240 36

172 351 354 418 contendat.
405 353 477 417 Nec
503 354 592 437 prius
622 373 713 437 quam
743 359 872 416 ventum
903 360 952 415 est
979 371 1080 436 usque
1109 349 1151 414 ad
1177 360 1275 416 motus

173 457 406 536 Gracchorum,
429 456 485 521 ubi
506 459 568 520 iam
591 458 704 519 evitari
725 456 777 520 rix
800 457 919 540 potuit,
946 477 965 518 a
987 458 1159 540 proposito
1185 454 1276 520 disce·

174 561 234 637 dit;
258 561 315 625 sed
337 562 389 624 hic
411 583 538 646 quoque
563 559 603 624 de
626 562 728 624 causis
752 581 844 645 quam
860 561 1045 644 paucissima
1059 566 1185 622 tantum
1200 580 1277 622 com-

173 668 321 750 perimus.
335 666 362 746 θ)
400 664 533 749 Semper
556 667 639 728 enim
663 664 723 728 sibi
747 672 905 739 constans,
927 662 1025 725 modo
1049 662 1161 726 faciem
1179 685 1277 727 rerum

174 778 333 856 gestarum
362 766 541 842 adumbrat;
573 789 682 831 causas
712 778 831 844 autem,
859 766 916 831 ubi
939 789 1016 852 quas
1039 765 1139 844 addit,
1172 788 1276 830 omnes

174 895 340 957 nusquam,
370 870 543 935 nonnullas
572 874 700 956 passim,
729 893 834 956 neque
865 893 917 934 eas
947 872 1008 934 nisi
1033 870 1170 934 fortuito
1194 872 1277 956 quasi

173 976 292 1063 prodit.
336 976 470 1039 Etiamsi
492 975 578 1038 hisce
603 974 731 1039 obstare
753 975 888 1038 sortasse
911 972 1175 1058 compendiorum
1194 982 1277 1038 nutu·

173 1103 256 1159 rem,
287 1089 319 1144 et
347 1078 460 1143 Orosii
488 1088 575 1141 certe
601 1081 756 1141 minorem
786 1076 1015 1163 compensundi
1043 1076 1187 1142 indolem
1215 1098 1277 1142 nou

174 1205 341 1271 negemus,
364 1193 470 1245 tamen
494 1184 600 1266 operis
623 1181 734 1259 linem,
757 1184 812 1266 qui
836 1193 940 1245 extera
963 1191 1082 1246 tanturn
1105 1202 1278 1266 usquequa·

176 1310 237 1373 que
265 1307 400 1373 poscere
428 1284 568 1361 videtur,
597 1288 728 1348 maxime
756 1288 907 1349 incausa
931 1306 1090 1349 essenon
1114 1284 1278 1348 oblivisca-

175 1414 253 1455 mur.
300 1390 394 1474 Quae
418 1391 510 1452 etiam
532 1387 608 1452 inde
630 1388 812 1476 intelligere
834 1389 928 1452 nobis
950 1388 1040 1468 licet,
1068 1389 1158 1474 quod
1182 1391 1277 1466 etiam
1314 1396 1316 1405 '

174 1496 230 1560 ubi
257 1497 325 1580 ipsa
354 1492 538 1556 fundamina
566 1515 670 1556 rerum
699 1495 734 1556 in
761 1493 955 1558 facinoribus
984 1494 1211 1580 patentissimis
1234 1513 1278 1555 ex·

175 1609 258 1683 stare
280 1597 442 1675 videntur,
471 1596 560 1661 velut
581 1600 616 1661 in
637 1600 739 1681 primo
763 1599 980 1660 Romanorum
1005 1620 1074 1662 cum
1097 1595 1278 1661 Mithridate
1313 1600 1316 1631 ¹

174 1701 280 1780 bello,
307 1711 484 1786 posteaque
514 1703 548 1764 in
575 1699 669 1765 bellis
699 1700 860 1779 civilibus,
887 1704 1014 1766 minime
1042 1701 1081 1765 ab
1104 1700 1278 1766 indicandis
1314 1782 1316 1795 Ι

176 1808 278 1871 causis
301 1804 452 1869 abhorret
475 1842 515 1854 -
539 1813 572 1869 at
599 1803 718 1889 ubique
741 1825 866 1889 semper
888 1814 1019 1870 eatenus
1042 1815 1181 1885 tautum,
1211 1825 1279 1890 qua·
1314 1814 1316 1861 ἱ

175 1920 268 1974 tenus
297 1911 422 1994 positae
451 1911 516 1972 sint
544 1911 577 1972 in
599 1907 697 1972 rebus
726 1911 761 1972 in
786 1909 883 1974 finem
906 1912 1014 1996 operis
1037 1921 1187 1996 tanquam
1211 1930 1279 1994 qua-

176 2012 350 2079 drantibus.
395 2013 426 2076 Is
450 2011 575 2097 quidem
597 2033 825 2098 usquequaque
847 2015 929 2078 facta
951 2013 1134 2099 postulavit,
1156 2015 1278 2076 minime

175 2136 254 2181 vero
278 2125 367 2180 ortus
390 2114 619 2192 definitionem.
666 2116 732 2181 Sed
754 2122 894 2202 quamvis
917 2119 996 2182 baec
1016 2122 1060 2182 ita
1083 2121 1156 2196 sint,
1178 2127 1279 2180 tamen

176 2224 258 2285 sicut
286 2221 396 2306 negari
426 2221 535 2303 nequit
563 2222 666 2284 causis
688 2242 792 2285 rerum
817 2221 1023 2307 explanandis
1046 2223 1159 2286 Orosii
1181 2224 1279 2285 inten-

177 2324 317 2390 tionibus
340 2325 500 2408 aptissima
522 2324 717 2402 interfuisse,
742 2324 889 2389 simodo
912 2329 950 2389 iis
973 2325 1129 2390 voluisset
1151 2327 1213 2404 uti,
1240 2327 1279 2388 ita

176 2449 281 2513 neque
304 2425 522 2503 omittendum,
545 2426 620 2489 talia
644 2429 674 2490 ei
688 2428 890 2492 incommoda
907 2441 939 2493 et
953 2429 1051 2516 longa
1066 2432 1134 2494 visa
1151 2450 1232 2492 esse.
1245 2431 1270 2507 ⁴)

265 2517 485 2618 Significatum
507 2533 568 2593 iarn
591 2531 653 2608 his,
677 2553 757 2615 quae
780 2531 878 2596 modo
902 2533 985 2598 dicta
1008 2543 1097 2611 sunt,
1121 2546 1155 2597 et
1175 2531 1280 2598 condi

177 2645 243 2699 tum
272 2634 339 2699 fere
363 2644 425 2713 est,
455 2633 541 2719 quod
564 2634 702 2699 Orosius
725 2639 819 2700 sicuti
842 2647 947 2701 extera
970 2647 1091 2702 tantum
1113 2635 1221 2701 adfert
1240 2636 1280 2700 fa·

177 2749 307 2816 ctorum,
329 2742 363 2802 in
385 2741 425 2801 iis
447 2741 524 2822 ipsis
547 2741 745 2817 crassissima,
768 2744 908 2819 maxima,
931 2741 973 2805 ad
996 2741 1196 2805 excitandum
1213 2741 1280 2805 hor-

176 2862 283 2906 rorem
299 2844 459 2927 aptissima
474 2863 550 2927 prae
562 2846 694 2913 caeteris
709 2842 834 2907 adamat
847 2844 981 2929 editque.
1017 2846 1122 2930 Quam
1135 2845 1177 2909 ob
1189 2844 1281 2909 ratio·

177 2967 250 3009 nem
265 2944 368 3008 ubivis
383 2966 533 3009 numeros
550 2955 604 3009 aut
617 2950 777 3024 maximos,
800 2957 854 3011 aut
868 2952 1022 3028 minimos,
1038 2948 1147 3034 quales
1165 2952 1281 3035 optime

178 3051 285 3134 operis
318 3048 453 3112 consilio
485 3051 689 3127 inservirent,
723 3049 893 3138 diligenter
926 3052 1080 3116 collectos
1105 3056 1241 3118 invenis.
1256 3054 1280 3132 ⁶)

181 3276 183 3280 ⁴
247 3253 281 3324 3)
306 3253 474 3311 Secessionis
497 3255 605 3332 quidem
625 3255 714 3333 plebis
737 3259 766 3312 iu
788 3268 907 3315 montem
929 3279 1034 3315 sacrum
1058 3262 1184 3317 meminit⁴
1201 3259 1241 3327 ll,
1256 3261 1280 3315 d.

178 3360 205 3416 p.
215 3341 249 3395 97
262 3359 303 3416 sq.
323 3339 372 3395 sed
391 3361 492 3419 causer.
510 3361 582 3399 nexu
599 3341 674 3397 nullo
693 3342 806 3401 adiecto.
843 3345 909 3401 ltem
922 3345 1107 3402 Decemviros.
1125 3367 1170 3402 res
1189 3345 1224 3414 ll,
1243 3347 1280 3403 ld

177 3447 204 3505 p.
216 3430 266 3481 121
279 3446 319 3503 sq.
337 3447 410 3482 mere
427 3437 588 3482 memoratae
606 3426 789 3486 demonstrare
807 3441 935 3508 possunt,
955 3453 1033 3509 quem
1052 3435 1080 3488 in
1097 3433 1208 3489 modum
1227 3433 1281 3488 abs·

178 3514 262 3581 tineat
280 3533 310 3568 se
326 3512 441 3569 Orosius
460 3512 495 3578 ab
511 3511 623 3569 historia
641 3513 784 3571 Romanor,
803 3519 936 3573 intestina.
974 3517 1057 3574 Aliud
1076 3539 1114 3574 ex.
1133 3519 1220 3576 babes
1238 3515 1281 3586 Ill,

178 3602 220 3656 15.
240 3602 334 3676 peel.
353 3601 382 3654 in
399 3597 503 3654 verbis:
529 3599 657 3675 „igitur
673 3601 790 3657 Annibal
813 3605 901 3659 sciens
920 3604 1077 3660 Flaminium
1099 3618 1173 3663 co'ns.
1197 3596 1281 3662 solum

178 3685 206 3739 lu
229 3687 325 3740 castris
348 3686 431 3740 esse“
455 3676 521 3740 etcs
551 3684 582 3740 Si
606 3706 635 3741 ea
657 3707 716 3743 cum
739 3688 818 3745 Livio
841 3689 916 3746 fonte
938 3691 1123 3748 contendimus
1148 3692 1282 3748 excidisse

169 3768 244 3846 ‘quid
270 3769 313 3826 bic
336 3769 471 3840 ridemus3
500 3769 549 3826 sed
574 3770 626 3828 boc
648 3776 773 3849 quoniam
795 3775 829 3830 ad
850 3775 914 3832 hist.
937 3779 1092 3834 intestinam
1113 3779 1282 3856 pertinuerit,

178 3856 280 3921 omisit,
300 3857 420 3930 quamvis
439 3858 533 3912 sciret!

248 3943 282 4007 4)
301 3938 345 3994 Dc
363 3940 472 4018 Apuleli
491 3942 629 4000 Saturnini
647 3946 764 4003 motibus
783 3945 817 4015 V,
837 3951 861 4004 7.
880 3967 906 4025 p.
915 3952 976 4005 322.
1002 3949 1156 4018 „Evolvere
1176 3972 1209 4008 ac
1226 3971 1283 4030 per·

178 4043 286 4082 currere
307 4024 373 4082 milri
392 4027 585 4086 discordiarum
603 4031 725 4107 ambages
744 4043 771 4088 et
789 4035 989 4091 inextricabiles
1007 4035 1170 4094 seditionum
1190 4057 1283 4096 causas

177 4109 373 4167 incommodum
391 4114 470 4171 simul
489 4138 519 4173 ac
536 4116 645 4193 longum
662 4118 801 4174 videtur.“

244 4194 278 4264 5)
299 4194 329 4252 Si
348 4200 478 4276 aptiorem
495 4203 544 4261 fini
563 4206 653 4283 operis
672 4225 809 4263 numerum
827 4209 855 4263 in
873 4206 939 4278 alio,
958 4222 1036 4285 quam
1054 4230 1133 4287 quem
1146 4211 1231 4269 modo
1245 4233 1284 4269 se·
