<?xml version="1.0" encoding="UTF-8"?>
<!DOCTYPE html PUBLIC "-//W3C//DTD XHTML 1.0 Transitional//EN"
    "http://www.w3.org/TR/xhtml1/DTD/xhtml1-transitional.dtd">
<html xmlns="http://www.w3.org/1999/xhtml" xml:lang="en" lang="en">
 <head>
  <title>
</title>
<meta http-equiv="Content-Type" content="text/html;charset=utf-8" />
  <meta name='ocr-system' content='tesseract 3.04.00' />
  <meta name='ocr-capabilities' content='ocr_page ocr_carea ocr_par ocr_line ocrx_word'/>
</head>
<body>
  <div class='ocr_page' id='page_1' title='image "./deorosiivitaeiu00mrgoog_0031.png"; bbox 0 0 2640 4764; ppageno 0'>
   <div class='ocr_carea' id='block_1_1' title="bbox 634 165 676 230">
    <p class='ocr_par' dir='ltr' id='par_1_1' title="bbox 634 165 676 230">
     <span class='ocr_line' id='line_1_1' title="bbox 634 165 676 230; baseline 0 0"><span class='ocrx_word' id='word_1_1' title='bbox 634 165 676 230; x_wconf 74' lang='lat'>18</span> 
     </span>
    </p>
   </div>
   <div class='ocr_carea' id='block_1_2' title="bbox 103 339 1206 429">
    <p class='ocr_par' dir='ltr' id='par_1_2' title="bbox 103 339 1206 429">
     <span class='ocr_line' id='line_1_2' title="bbox 103 339 1206 429; baseline -0.005 -19"><span class='ocrx_word' id='word_1_2' title='bbox 103 344 179 410; x_wconf 92' lang='lat' dir='ltr'>dum</span> <span class='ocrx_word' id='word_1_3' title='bbox 202 343 269 409; x_wconf 86' lang='lat' dir='ltr'>fere</span> <span class='ocrx_word' id='word_1_4' title='bbox 291 341 332 406; x_wconf 90' lang='lat' dir='ltr'>ad</span> <span class='ocrx_word' id='word_1_5' title='bbox 355 339 506 427; x_wconf 92' lang='lat' dir='ltr'>liquidum</span> <span class='ocrx_word' id='word_1_6' title='bbox 529 341 727 429; x_wconf 87' lang='lat' dir='ltr'>perductum.</span> <span class='ocrx_word' id='word_1_7' title='bbox 766 339 831 426; x_wconf 85' lang='lat' dir='ltr'>Qui</span> <span class='ocrx_word' id='word_1_8' title='bbox 846 340 1122 405; x_wconf 80' lang='lat' dir='ltr'><strong>Tarraconensem</strong></span> <span class='ocrx_word' id='word_1_9' title='bbox 1138 362 1206 404; x_wconf 92' lang='lat' dir='ltr'>eum</span> 
     </span>
    </p>
   </div>
   <div class='ocr_carea' id='block_1_3' title="bbox 103 441 1214 2191">
    <p class='ocr_par' dir='ltr' id='par_1_3' title="bbox 103 441 1214 2191">
     <span class='ocr_line' id='line_1_3' title="bbox 103 441 1208 533; baseline -0.004 -18"><span class='ocrx_word' id='word_1_10' title='bbox 103 451 227 528; x_wconf 91' lang='lat' dir='ltr'>dicunt,</span> <span class='ocrx_word' id='word_1_11' title='bbox 256 449 419 533; x_wconf 89' lang='lat' dir='ltr'>scriptoris</span> <span class='ocrx_word' id='word_1_12' title='bbox 448 448 546 532; x_wconf 90' lang='lat' dir='ltr'>ipsius</span> <span class='ocrx_word' id='word_1_13' title='bbox 573 447 756 511; x_wconf 91' lang='lat' dir='ltr'>testimonio</span> <span class='ocrx_word' id='word_1_14' title='bbox 779 447 826 509; x_wconf 89' lang='lat' dir='ltr'>uti</span> <span class='ocrx_word' id='word_1_15' title='bbox 849 443 910 508; x_wconf 90' lang='lat' dir='ltr'>sibi</span> <span class='ocrx_word' id='word_1_16' title='bbox 932 441 1090 509; x_wconf 85' lang='lat' dir='ltr'>videntur.</span> <span class='ocrx_word' id='word_1_17' title='bbox 1143 447 1208 511; x_wconf 85' lang='lat' dir='ltr'>lllle·</span> 
     </span>
     <span class='ocr_line' id='line_1_4' title="bbox 103 546 1206 632; baseline -0.005 -12"><span class='ocrx_word' id='word_1_18' title='bbox 103 558 233 619; x_wconf 87' lang='lat' dir='ltr'>moratis</span> <span class='ocrx_word' id='word_1_19' title='bbox 258 554 340 616; x_wconf 91' lang='lat' dir='ltr'>enim</span> <span class='ocrx_word' id='word_1_20' title='bbox 361 548 570 615; x_wconf 91' lang='lat' dir='ltr'>barbarorum</span> <span class='ocrx_word' id='word_1_21' title='bbox 593 548 837 626; x_wconf 85' lang='lat' dir='ltr'>incursionibus,</span> <span class='ocrx_word' id='word_1_22' title='bbox 859 546 973 632; x_wconf 90' lang='lat' dir='ltr'>quibus</span> <span class='ocrx_word' id='word_1_23' title='bbox 996 547 1134 614; x_wconf 90' lang='lat' dir='ltr'>medium</span> <span class='ocrx_word' id='word_1_24' title='bbox 1150 550 1206 614; x_wconf 91' lang='lat' dir='ltr'>sub</span> 
     </span>
     <span class='ocr_line' id='line_1_5' title="bbox 104 651 1209 739; baseline -0.006 -16"><span class='ocrx_word' id='word_1_25' title='bbox 104 657 265 723; x_wconf 90' lang='lat' dir='ltr'>saeculum</span> <span class='ocrx_word' id='word_1_26' title='bbox 287 658 414 719; x_wconf 89' lang='lat' dir='ltr'>tertium</span> <span class='ocrx_word' id='word_1_27' title='bbox 437 657 561 739; x_wconf 90' lang='lat' dir='ltr'>imperii</span> <span class='ocrx_word' id='word_1_28' title='bbox 582 656 721 718; x_wconf 85' lang='lat' dir='ltr'>Romani</span> <span class='ocrx_word' id='word_1_29' title='bbox 742 652 825 717; x_wconf 90' lang='lat' dir='ltr'>fines</span> <span class='ocrx_word' id='word_1_30' title='bbox 848 651 1112 733; x_wconf 81' lang='lat' dir='ltr'>dilacerabantur,</span> <span class='ocrx_word' id='word_1_31' title='bbox 1135 653 1209 717; x_wconf 90' lang='lat' dir='ltr'>adii-</span> 
     </span>
     <span class='ocr_line' id='line_1_6' title="bbox 104 757 1208 844; baseline -0.006 -18"><span class='ocrx_word' id='word_1_32' title='bbox 104 765 158 826; x_wconf 84' lang='lat' dir='ltr'>cit:</span> <span class='ocrx_word' id='word_1_33' title='bbox 176 762 204 841; x_wconf 76' lang='lat'>³)</span> <span class='ocrx_word' id='word_1_34' title='bbox 226 761 383 839; x_wconf 83' lang='lat' dir='ltr'>„Exstant</span> <span class='ocrx_word' id='word_1_35' title='bbox 405 757 507 822; x_wconf 91' lang='lat' dir='ltr'>adhuc</span> <span class='ocrx_word' id='word_1_36' title='bbox 529 780 588 843; x_wconf 90' lang='lat' dir='ltr'>per</span> <span class='ocrx_word' id='word_1_37' title='bbox 612 757 751 822; x_wconf 90' lang='lat' dir='ltr'>diversas</span> <span class='ocrx_word' id='word_1_38' title='bbox 775 758 956 844; x_wconf 89' lang='lat' dir='ltr'>provincias</span> <span class='ocrx_word' id='word_1_39' title='bbox 978 759 1012 820; x_wconf 92' lang='lat' dir='ltr'>in</span> <span class='ocrx_word' id='word_1_40' title='bbox 1026 779 1208 844; x_wconf 89' lang='lat' dir='ltr'>magnarum</span> 
     </span>
     <span class='ocr_line' id='line_1_7' title="bbox 104 860 1208 949; baseline -0.005 -20"><span class='ocrx_word' id='word_1_41' title='bbox 104 864 228 929; x_wconf 91' lang='lat' dir='ltr'>urbium</span> <span class='ocrx_word' id='word_1_42' title='bbox 256 865 354 927; x_wconf 90' lang='lat' dir='ltr'>ruinis</span> <span class='ocrx_word' id='word_1_43' title='bbox 384 883 501 949; x_wconf 89' lang='lat' dir='ltr'>parvae</span> <span class='ocrx_word' id='word_1_44' title='bbox 532 871 564 924; x_wconf 90' lang='lat' dir='ltr'>et</span> <span class='ocrx_word' id='word_1_45' title='bbox 589 881 745 946; x_wconf 82' lang='lat' dir='ltr'>pauperes</span> <span class='ocrx_word' id='word_1_46' title='bbox 768 860 875 938; x_wconf 85' lang='lat' dir='ltr'>sedes,</span> <span class='ocrx_word' id='word_1_47' title='bbox 903 863 994 946; x_wconf 89' lang='lat' dir='ltr'>signa</span> <span class='ocrx_word' id='word_1_48' title='bbox 1016 863 1208 924; x_wconf 90' lang='lat' dir='ltr'>miseriarum</span> 
     </span>
     <span class='ocr_line' id='line_1_8' title="bbox 105 963 1208 1050; baseline -0.005 -17"><span class='ocrx_word' id='word_1_49' title='bbox 105 979 138 1034; x_wconf 90' lang='lat' dir='ltr'>et</span> <span class='ocrx_word' id='word_1_50' title='bbox 165 971 328 1032; x_wconf 92' lang='lat' dir='ltr'>nominum</span> <span class='ocrx_word' id='word_1_51' title='bbox 357 965 475 1030; x_wconf 92' lang='lat' dir='ltr'>indicia</span> <span class='ocrx_word' id='word_1_52' title='bbox 504 974 681 1028; x_wconf 89' lang='lat' dir='ltr'>servantes:</span> <span class='ocrx_word' id='word_1_53' title='bbox 713 986 750 1027; x_wconf 87' lang='lat' dir='ltr'>ex</span> <span class='ocrx_word' id='word_1_54' title='bbox 780 963 894 1048; x_wconf 91' lang='lat' dir='ltr'>quibus</span> <span class='ocrx_word' id='word_1_55' title='bbox 922 985 995 1027; x_wconf 90' lang='lat' dir='ltr'>nos</span> <span class='ocrx_word' id='word_1_56' title='bbox 1026 987 1154 1050; x_wconf 91' lang='lat' dir='ltr'>quoque</span> <span class='ocrx_word' id='word_1_57' title='bbox 1178 968 1208 1027; x_wconf 94' lang='lat' dir='ltr'>in</span> 
     </span>
     <span class='ocr_line' id='line_1_9' title="bbox 104 1066 1209 1158; baseline -0.005 -22"><span class='ocrx_word' id='word_1_58' title='bbox 104 1073 256 1158; x_wconf 85' lang='lat' dir='ltr'>Hispania</span> <span class='ocrx_word' id='word_1_59' title='bbox 280 1073 550 1134; x_wconf 86' lang='lat' dir='ltr'>Tarraconem</span> <span class='ocrx_word' id='word_1_60' title='bbox 573 1077 751 1132; x_wconf 89' lang='lat' dir='ltr'>nostram</span> <span class='ocrx_word' id='word_1_61' title='bbox 778 1066 819 1130; x_wconf 90' lang='lat' dir='ltr'>ad</span> <span class='ocrx_word' id='word_1_62' title='bbox 843 1066 1098 1131; x_wconf 86' lang='lat' dir='ltr'>consolationem</span> <span class='ocrx_word' id='word_1_63' title='bbox 1121 1071 1209 1131; x_wconf 90' lang='lat' dir='ltr'>mise-</span> 
     </span>
     <span class='ocr_line' id='line_1_10' title="bbox 104 1161 1211 1267; baseline -0.005 -27"><span class='ocrx_word' id='word_1_64' title='bbox 104 1180 170 1240; x_wconf 89' lang='lat' dir='ltr'>riae</span> <span class='ocrx_word' id='word_1_65' title='bbox 194 1161 580 1267; x_wconf 34' lang='lat' dir='ltr'>recentis‘ostendimusss</span> <span class='ocrx_word' id='word_1_66' title='bbox 613 1171 730 1249; x_wconf 88' lang='lat' dir='ltr'>Verba,</span> <span class='ocrx_word' id='word_1_67' title='bbox 752 1181 789 1235; x_wconf 91' lang='lat' dir='ltr'>ut</span> <span class='ocrx_word' id='word_1_68' title='bbox 809 1169 944 1249; x_wconf 85' lang='lat' dir='ltr'>videtur,</span> <span class='ocrx_word' id='word_1_69' title='bbox 966 1175 1130 1260; x_wconf 82' lang='lat' dir='ltr'>permagni</span> <span class='ocrx_word' id='word_1_70' title='bbox 1146 1193 1211 1235; x_wconf 92' lang='lat' dir='ltr'>mo-</span> 
     </span>
     <span class='ocr_line' id='line_1_11' title="bbox 104 1276 1210 1361; baseline -0.004 -18"><span class='ocrx_word' id='word_1_71' title='bbox 104 1282 211 1357; x_wconf 88' lang='lat' dir='ltr'>menti,</span> <span class='ocrx_word' id='word_1_72' title='bbox 234 1276 291 1341; x_wconf 89' lang='lat' dir='ltr'>sed</span> <span class='ocrx_word' id='word_1_73' title='bbox 315 1297 403 1361; x_wconf 89' lang='lat' dir='ltr'>quae,</span> <span class='ocrx_word' id='word_1_74' title='bbox 426 1278 454 1338; x_wconf 92' lang='lat' dir='ltr'>si</span> <span class='ocrx_word' id='word_1_75' title='bbox 471 1286 573 1340; x_wconf 91' lang='lat' dir='ltr'>totum</span> <span class='ocrx_word' id='word_1_76' title='bbox 587 1276 788 1339; x_wconf 90' lang='lat' dir='ltr'>historiarum</span> <span class='ocrx_word' id='word_1_77' title='bbox 804 1278 986 1360; x_wconf 89' lang='lat' dir='ltr'>respicimus</span> <span class='ocrx_word' id='word_1_78' title='bbox 1003 1297 1094 1361; x_wconf 77' lang='lat' dir='ltr'>opuS,</span> <span class='ocrx_word' id='word_1_79' title='bbox 1119 1279 1210 1339; x_wconf 91' lang='lat' dir='ltr'>etiam</span> 
     </span>
     <span class='ocr_line' id='line_1_12' title="bbox 105 1377 1211 1467; baseline -0.005 -20"><span class='ocrx_word' id='word_1_80' title='bbox 105 1383 144 1447; x_wconf 92' lang='lat' dir='ltr'>ab</span> <span class='ocrx_word' id='word_1_81' title='bbox 174 1384 334 1467; x_wconf 91' lang='lat' dir='ltr'>Hispano,</span> <span class='ocrx_word' id='word_1_82' title='bbox 362 1380 583 1464; x_wconf 86' lang='lat' dir='ltr'>Hispaniarum</span> <span class='ocrx_word' id='word_1_83' title='bbox 613 1399 664 1441; x_wconf 90' lang='lat' dir='ltr'>res</span> <span class='ocrx_word' id='word_1_84' title='bbox 693 1378 811 1463; x_wconf 89' lang='lat' dir='ltr'>ubique</span> <span class='ocrx_word' id='word_1_85' title='bbox 841 1379 908 1443; x_wconf 90' lang='lat' dir='ltr'>fere</span> <span class='ocrx_word' id='word_1_86' title='bbox 937 1377 1044 1443; x_wconf 88' lang='lat' dir='ltr'>studio</span> <span class='ocrx_word' id='word_1_87' title='bbox 1074 1378 1211 1465; x_wconf 90' lang='lat' dir='ltr'>quodam</span> 
     </span>
     <span class='ocr_line' id='line_1_13' title="bbox 105 1480 1210 1574; baseline -0.003 -22"><span class='ocrx_word' id='word_1_88' title='bbox 105 1485 257 1574; x_wconf 83' lang='lat' dir='ltr'>singulari</span> <span class='ocrx_word' id='word_1_89' title='bbox 285 1494 455 1561; x_wconf 87' lang='lat' dir='ltr'>tractante,</span> <span class='ocrx_word' id='word_1_90' title='bbox 485 1483 603 1567; x_wconf 90' lang='lat' dir='ltr'>absque</span> <span class='ocrx_word' id='word_1_91' title='bbox 633 1492 720 1545; x_wconf 91' lang='lat' dir='ltr'>certo</span> <span class='ocrx_word' id='word_1_92' title='bbox 751 1480 834 1546; x_wconf 90' lang='lat' dir='ltr'>dicta</span> <span class='ocrx_word' id='word_1_93' title='bbox 864 1486 1031 1569; x_wconf 88' lang='lat' dir='ltr'>opinemur</span> <span class='ocrx_word' id='word_1_94' title='bbox 1054 1492 1210 1570; x_wconf 87' lang='lat' dir='ltr'>respectu.</span> 
     </span>
     <span class='ocr_line' id='line_1_14' title="bbox 105 1587 1213 1677; baseline -0.004 -22"><span class='ocrx_word' id='word_1_95' title='bbox 105 1590 171 1677; x_wconf 85' lang='lat' dir='ltr'>Qui</span> <span class='ocrx_word' id='word_1_96' title='bbox 197 1609 276 1654; x_wconf 90' lang='lat' dir='ltr'>vero</span> <span class='ocrx_word' id='word_1_97' title='bbox 300 1590 475 1651; x_wconf 89' lang='lat' dir='ltr'>Braccarae</span> <span class='ocrx_word' id='word_1_98' title='bbox 502 1597 610 1651; x_wconf 90' lang='lat' dir='ltr'>natum</span> <span class='ocrx_word' id='word_1_99' title='bbox 634 1596 778 1650; x_wconf 88' lang='lat' dir='ltr'>asserunt</span> <span class='ocrx_word' id='word_1_100' title='bbox 800 1609 884 1665; x_wconf 91' lang='lat' dir='ltr'>eum,</span> <span class='ocrx_word' id='word_1_101' title='bbox 914 1587 1049 1652; x_wconf 90' lang='lat' dir='ltr'>fulciunt</span> <span class='ocrx_word' id='word_1_102' title='bbox 1071 1610 1129 1652; x_wconf 89' lang='lat' dir='ltr'>sua</span> <span class='ocrx_word' id='word_1_103' title='bbox 1151 1610 1213 1651; x_wconf 88' lang='lat' dir='ltr'>ma-</span> 
     </span>
     <span class='ocr_line' id='line_1_15' title="bbox 104 1688 1213 1777; baseline -0.005 -18"><span class='ocrx_word' id='word_1_104' title='bbox 104 1697 185 1760; x_wconf 86' lang='lat' dir='ltr'>xime</span> <span class='ocrx_word' id='word_1_105' title='bbox 199 1694 286 1756; x_wconf 83' lang='lat' dir='ltr'>Aviti</span> <span class='ocrx_word' id='word_1_106' title='bbox 303 1690 485 1776; x_wconf 84' lang='lat' dir='ltr'>presbyteri</span> <span class='ocrx_word' id='word_1_107' title='bbox 501 1688 663 1755; x_wconf 89' lang='lat' dir='ltr'>cuiusdam</span> <span class='ocrx_word' id='word_1_108' title='bbox 678 1691 901 1754; x_wconf 90' lang='lat' dir='ltr'>Braccarensis</span> <span class='ocrx_word' id='word_1_109' title='bbox 925 1691 1060 1777; x_wconf 90' lang='lat' dir='ltr'>epistola</span> <span class='ocrx_word' id='word_1_110' title='bbox 1083 1691 1125 1756; x_wconf 92' lang='lat' dir='ltr'>ad</span> <span class='ocrx_word' id='word_1_111' title='bbox 1139 1689 1213 1755; x_wconf 88' lang='lat' dir='ltr'>Bal·</span> 
     </span>
     <span class='ocr_line' id='line_1_16' title="bbox 106 1793 1213 1882; baseline -0.003 -21"><span class='ocrx_word' id='word_1_112' title='bbox 106 1797 263 1873; x_wconf 89' lang='lat' dir='ltr'>chonium,</span> <span class='ocrx_word' id='word_1_113' title='bbox 286 1796 471 1881; x_wconf 90' lang='lat' dir='ltr'>episcopum</span> <span class='ocrx_word' id='word_1_114' title='bbox 486 1796 740 1873; x_wconf 88' lang='lat' dir='ltr'>Braccarensem,</span> <span class='ocrx_word' id='word_1_115' title='bbox 764 1806 795 1859; x_wconf 90' lang='lat' dir='ltr'>et</span> <span class='ocrx_word' id='word_1_116' title='bbox 817 1793 939 1859; x_wconf 93' lang='lat' dir='ltr'>duabus</span> <span class='ocrx_word' id='word_1_117' title='bbox 956 1795 1127 1882; x_wconf 82' lang='lat' dir='ltr'>Augustini</span> <span class='ocrx_word' id='word_1_118' title='bbox 1150 1799 1213 1881; x_wconf 90' lang='lat' dir='ltr'>epi·</span> 
     </span>
     <span class='ocr_line' id='line_1_17' title="bbox 105 1896 1214 1983; baseline -0.004 -17"><span class='ocrx_word' id='word_1_119' title='bbox 105 1899 207 1966; x_wconf 86' lang='lat' dir='ltr'>stolis.</span> <span class='ocrx_word' id='word_1_120' title='bbox 247 1899 362 1965; x_wconf 87' lang='lat' dir='ltr'>Scribit</span> <span class='ocrx_word' id='word_1_121' title='bbox 387 1900 469 1962; x_wconf 91' lang='lat' dir='ltr'>enim</span> <span class='ocrx_word' id='word_1_122' title='bbox 492 1901 552 1962; x_wconf 89' lang='lat' dir='ltr'>iste</span> <span class='ocrx_word' id='word_1_123' title='bbox 576 1896 617 1961; x_wconf 91' lang='lat' dir='ltr'>dc</span> <span class='ocrx_word' id='word_1_124' title='bbox 636 1898 758 1963; x_wconf 92' lang='lat' dir='ltr'>Orosio</span> <span class='ocrx_word' id='word_1_125' title='bbox 781 1898 822 1962; x_wconf 92' lang='lat' dir='ltr'>ad</span> <span class='ocrx_word' id='word_1_126' title='bbox 837 1900 1081 1983; x_wconf 83' lang='lat' dir='ltr'>Hieronymum:</span> <span class='ocrx_word' id='word_1_127' title='bbox 1099 1902 1127 1979; x_wconf 85' lang='lat'>⁴)</span> <span class='ocrx_word' id='word_1_128' title='bbox 1150 1896 1214 1977; x_wconf 92' lang='lat' dir='ltr'>„ad</span> 
     </span>
     <span class='ocr_line' id='line_1_18' title="bbox 104 1999 1214 2088; baseline -0.003 -20"><span class='ocrx_word' id='word_1_129' title='bbox 104 2025 165 2068; x_wconf 90' lang='lat' dir='ltr'>nos</span> <span class='ocrx_word' id='word_1_130' title='bbox 189 2025 288 2088; x_wconf 88' lang='lat' dir='ltr'>usquc</span> <span class='ocrx_word' id='word_1_131' title='bbox 311 1999 350 2064; x_wconf 90' lang='lat' dir='ltr'>ab</span> <span class='ocrx_word' id='word_1_132' title='bbox 368 2001 493 2066; x_wconf 90' lang='lat' dir='ltr'>Oceani</span> <span class='ocrx_word' id='word_1_133' title='bbox 514 2000 610 2065; x_wconf 92' lang='lat' dir='ltr'>litore</span> <span class='ocrx_word' id='word_1_134' title='bbox 633 2005 851 2088; x_wconf 68' lang='lat' dir='ltr'>properans-⁴,</span> <span class='ocrx_word' id='word_1_135' title='bbox 873 2013 1049 2088; x_wconf 89' lang='lat' dir='ltr'>posteaque</span> <span class='ocrx_word' id='word_1_136' title='bbox 1071 2001 1112 2066; x_wconf 91' lang='lat' dir='ltr'>ad</span> <span class='ocrx_word' id='word_1_137' title='bbox 1128 2004 1214 2066; x_wconf 88' lang='lat' dir='ltr'>Euo·</span> 
     </span>
     <span class='ocr_line' id='line_1_19' title="bbox 106 2103 1213 2191; baseline -0.003 -20"><span class='ocrx_word' id='word_1_138' title='bbox 106 2107 205 2172; x_wconf 92' lang='lat' dir='ltr'>dium:</span> <span class='ocrx_word' id='word_1_139' title='bbox 223 2108 250 2186; x_wconf 77' lang='lat'>⁶)</span> <span class='ocrx_word' id='word_1_140' title='bbox 274 2103 338 2184; x_wconf 91' lang='lat' dir='ltr'>„ad</span> <span class='ocrx_word' id='word_1_141' title='bbox 361 2124 422 2168; x_wconf 89' lang='lat' dir='ltr'>nos</span> <span class='ocrx_word' id='word_1_142' title='bbox 446 2103 485 2167; x_wconf 87' lang='lat' dir='ltr'>ab</span> <span class='ocrx_word' id='word_1_143' title='bbox 509 2104 649 2169; x_wconf 88' lang='lat' dir='ltr'>ultima</span> <span class='ocrx_word' id='word_1_144' title='bbox 672 2107 876 2191; x_wconf 88' lang='lat' dir='ltr'>Hispania,</span> <span class='ocrx_word' id='word_1_145' title='bbox 899 2106 933 2171; x_wconf 94' lang='lat' dir='ltr'>id</span> <span class='ocrx_word' id='word_1_146' title='bbox 958 2116 1005 2171; x_wconf 91' lang='lat' dir='ltr'>est</span> <span class='ocrx_word' id='word_1_147' title='bbox 1027 2107 1066 2171; x_wconf 90' lang='lat' dir='ltr'>ab</span> <span class='ocrx_word' id='word_1_148' title='bbox 1090 2107 1213 2172; x_wconf 84' lang='lat' dir='ltr'>Oceani</span> 
     </span>
    </p>
   </div>
   <div class='ocr_carea' id='block_1_4' title="bbox 103 2339 1215 3709">
    <p class='ocr_par' dir='ltr' id='par_1_4' title="bbox 103 2339 1215 2851">
     <span class='ocr_line' id='line_1_20' title="bbox 104 2339 1214 2417; baseline -0.001 -19"><span class='ocrx_word' id='word_1_149' title='bbox 104 2360 226 2407; x_wconf 87' lang='lat' dir='ltr'>razones,</span> <span class='ocrx_word' id='word_1_150' title='bbox 250 2359 302 2415; x_wconf 91' lang='lat' dir='ltr'>que</span> <span class='ocrx_word' id='word_1_151' title='bbox 321 2348 450 2395; x_wconf 86' lang='lat' dir='ltr'>encontro</span> <span class='ocrx_word' id='word_1_152' title='bbox 470 2340 587 2394; x_wconf 76' lang='lat' dir='ltr'>escrivid</span> <span class='ocrx_word' id='word_1_153' title='bbox 608 2339 633 2396; x_wconf 87' lang='lat' dir='ltr'>el</span> <span class='ocrx_word' id='word_1_154' title='bbox 651 2340 774 2416; x_wconf 87' lang='lat' dir='ltr'>lllarques</span> <span class='ocrx_word' id='word_1_155' title='bbox 794 2342 828 2398; x_wconf 92' lang='lat' dir='ltr'>de</span> <span class='ocrx_word' id='word_1_156' title='bbox 845 2341 990 2417; x_wconf 82' lang='lat' dir='ltr'>Mondejar.</span> <span class='ocrx_word' id='word_1_157' title='bbox 1027 2341 1134 2399; x_wconf 83' lang='lat' dir='ltr'>Author</span> <span class='ocrx_word' id='word_1_158' title='bbox 1150 2342 1214 2398; x_wconf 89' lang='lat' dir='ltr'>Don</span> 
     </span>
     <span class='ocr_line' id='line_1_21' title="bbox 104 2424 1214 2505; baseline 0 -21"><span class='ocrx_word' id='word_1_159' title='bbox 104 2426 189 2484; x_wconf 88' lang='lat' dir='ltr'>Pablo</span> <span class='ocrx_word' id='word_1_160' title='bbox 201 2426 308 2501; x_wconf 81' lang='lat' dir='ltr'>lgnacio</span> <span class='ocrx_word' id='word_1_161' title='bbox 321 2424 463 2481; x_wconf 74' lang='lat' dir='ltr'>Dalmtscs</span> <span class='ocrx_word' id='word_1_162' title='bbox 483 2425 581 2500; x_wconf 78' lang='lat' dir='ltr'>yllds.</span> <span class='ocrx_word' id='word_1_163' title='bbox 612 2427 773 2486; x_wconf 91' lang='lat' dir='ltr'>Barcelona:</span> <span class='ocrx_word' id='word_1_164' title='bbox 793 2429 885 2485; x_wconf 84' lang='lat' dir='ltr'>Ralael</span> <span class='ocrx_word' id='word_1_165' title='bbox 899 2429 1021 2505; x_wconf 80' lang='lat' dir='ltr'>Figuerb.</span> <span class='ocrx_word' id='word_1_166' title='bbox 1042 2431 1142 2484; x_wconf 54' lang='lat' dir='ltr'><em>1702st</em></span> <span class='ocrx_word' id='word_1_167' title='bbox 1162 2430 1214 2485; x_wconf 84' lang='grc'>396</span> 
     </span>
     <span class='ocr_line' id='line_1_22' title="bbox 105 2510 1215 2591; baseline 0.003 -24"><span class='ocrx_word' id='word_1_168' title='bbox 105 2512 195 2584; x_wconf 80' lang='grc'>(400)</span> <span class='ocrx_word' id='word_1_169' title='bbox 214 2531 272 2588; x_wconf 84' lang='lat' dir='ltr'>pag.</span> <span class='ocrx_word' id='word_1_170' title='bbox 291 2510 350 2567; x_wconf 83' lang='lat' dir='ltr'>lol!</span> <span class='ocrx_word' id='word_1_171' title='bbox 384 2511 445 2582; x_wconf 84' lang='lat' dir='ltr'>(Cf.</span> <span class='ocrx_word' id='word_1_172' title='bbox 464 2511 523 2566; x_wconf 86' lang='lat' dir='ltr'>Nic.</span> <span class='ocrx_word' id='word_1_173' title='bbox 536 2512 635 2568; x_wconf 84' lang='lat' dir='ltr'>Anton.</span> <span class='ocrx_word' id='word_1_174' title='bbox 655 2534 714 2569; x_wconf 89' lang='lat' dir='ltr'>nov.</span> <span class='ocrx_word' id='word_1_175' title='bbox 728 2514 768 2571; x_wconf 87' lang='lat' dir='ltr'>cd.</span> <span class='ocrx_word' id='word_1_176' title='bbox 788 2535 813 2591; x_wconf 94' lang='lat' dir='ltr'>p.</span> <span class='ocrx_word' id='word_1_177' title='bbox 824 2519 886 2572; x_wconf 76' lang='lat'>237.</span> <span class='ocrx_word' id='word_1_178' title='bbox 915 2515 1019 2572; x_wconf 69' lang='lat' dir='ltr'>fabric.</span> <span class='ocrx_word' id='word_1_179' title='bbox 1038 2515 1105 2571; x_wconf 91' lang='lat' dir='ltr'>bibl.</span> <span class='ocrx_word' id='word_1_180' title='bbox 1123 2515 1170 2572; x_wconf 90' lang='lat' dir='ltr'>lat.</span> <span class='ocrx_word' id='word_1_181' title='bbox 1189 2523 1215 2570; x_wconf 83' lang='lat' dir='ltr'>et</span> 
     </span>
     <span class='ocr_line' id='line_1_23' title="bbox 103 2597 1214 2679; baseline 0.002 -24"><span class='ocrx_word' id='word_1_182' title='bbox 103 2598 255 2655; x_wconf 88' lang='lat' dir='ltr'>Weissium</span> <span class='ocrx_word' id='word_1_183' title='bbox 273 2599 301 2652; x_wconf 94' lang='lat' dir='ltr'>in</span> <span class='ocrx_word' id='word_1_184' title='bbox 319 2598 456 2675; x_wconf 82' lang='lat' dir='ltr'>biograph.</span> <span class='ocrx_word' id='word_1_185' title='bbox 471 2601 543 2655; x_wconf 86' lang='lat' dir='ltr'>univ.</span> <span class='ocrx_word' id='word_1_186' title='bbox 563 2597 758 2658; x_wconf 88' lang='lat' dir='ltr'>Tom.XXXIl.</span> <span class='ocrx_word' id='word_1_187' title='bbox 777 2623 803 2679; x_wconf 89' lang='lat' dir='ltr'>p.</span> <span class='ocrx_word' id='word_1_188' title='bbox 816 2606 874 2658; x_wconf 83' lang='lat'>165.</span> <span class='ocrx_word' id='word_1_189' title='bbox 893 2613 947 2658; x_wconf 88' lang='lat' dir='ltr'>not.</span> <span class='ocrx_word' id='word_1_190' title='bbox 960 2606 992 2671; x_wconf 90' lang='lat'>1.‚</span> <span class='ocrx_word' id='word_1_191' title='bbox 1015 2604 1061 2678; x_wconf 91' lang='lat' dir='ltr'>qui</span> <span class='ocrx_word' id='word_1_192' title='bbox 1080 2604 1214 2679; x_wconf 85' lang='lat' dir='ltr'>epitomen</span> 
     </span>
     <span class='ocr_line' id='line_1_24' title="bbox 104 2685 1213 2763; baseline 0.004 -22"><span class='ocrx_word' id='word_1_193' title='bbox 104 2685 184 2741; x_wconf 88' lang='lat' dir='ltr'>laude</span> <span class='ocrx_word' id='word_1_194' title='bbox 209 2685 315 2758; x_wconf 85' lang='lat' dir='ltr'>dignam</span> <span class='ocrx_word' id='word_1_195' title='bbox 338 2687 429 2763; x_wconf 85' lang='lat' dir='ltr'>operis</span> <span class='ocrx_word' id='word_1_196' title='bbox 453 2685 533 2741; x_wconf 89' lang='lat' dir='ltr'>buius</span> <span class='ocrx_word' id='word_1_197' title='bbox 557 2696 663 2742; x_wconf 87' lang='lat' dir='ltr'>exstare</span> <span class='ocrx_word' id='word_1_198' title='bbox 681 2687 748 2743; x_wconf 89' lang='lat' dir='ltr'>dicit</span> <span class='ocrx_word' id='word_1_199' title='bbox 770 2690 797 2744; x_wconf 91' lang='lat' dir='ltr'>in</span> <span class='ocrx_word' id='word_1_200' title='bbox 820 2689 984 2757; x_wconf 73' lang='lat' dir='ltr'>„memoires</span> <span class='ocrx_word' id='word_1_201' title='bbox 1003 2687 1036 2743; x_wconf 84' lang='lat' dir='ltr'>dc</span> <span class='ocrx_word' id='word_1_202' title='bbox 1055 2687 1213 2757; x_wconf 68' lang='lat' dir='ltr'>Trinoux“‚</span> 
     </span>
     <span class='ocr_line' id='line_1_25' title="bbox 104 2770 519 2851; baseline -0.005 -24"><span class='ocrx_word' id='word_1_203' title='bbox 104 2781 180 2851; x_wconf 82' lang='lat' dir='ltr'>mart.</span> <span class='ocrx_word' id='word_1_204' title='bbox 201 2773 277 2827; x_wconf 76' lang='lat'>1703.</span> <span class='ocrx_word' id='word_1_205' title='bbox 300 2793 327 2849; x_wconf 90' lang='lat' dir='ltr'>p.</span> <span class='ocrx_word' id='word_1_206' title='bbox 341 2770 519 2840; x_wconf 73' lang='lat' dir='ltr'>ras-441.)</span> 
     </span>
    </p>

    <p class='ocr_par' dir='ltr' id='par_1_5' title="bbox 103 2856 1214 3709">
     <span class='ocr_line' id='line_1_26' title="bbox 176 2856 1214 2936; baseline 0.004 -24"><span class='ocrx_word' id='word_1_207' title='bbox 176 2857 231 2930; x_wconf 82' lang='lat' dir='ltr'>Qui</span> <span class='ocrx_word' id='word_1_208' title='bbox 254 2866 308 2911; x_wconf 82' lang='lat' dir='ltr'>tam</span> <span class='ocrx_word' id='word_1_209' title='bbox 330 2856 412 2912; x_wconf 87' lang='lat' dir='ltr'>multa</span> <span class='ocrx_word' id='word_1_210' title='bbox 437 2856 552 2932; x_wconf 88' lang='lat' dir='ltr'>taliaque</span> <span class='ocrx_word' id='word_1_211' title='bbox 576 2858 659 2912; x_wconf 88' lang='lat' dir='ltr'>scribi</span> <span class='ocrx_word' id='word_1_212' title='bbox 683 2861 833 2935; x_wconf 87' lang='lat' dir='ltr'>potuerint,</span> <span class='ocrx_word' id='word_1_213' title='bbox 857 2860 997 2936; x_wconf 78' lang='lat' dir='ltr'>quibusvis</span> <span class='ocrx_word' id='word_1_214' title='bbox 1021 2860 1080 2916; x_wconf 89' lang='lat' dir='ltr'>aliis</span> <span class='ocrx_word' id='word_1_215' title='bbox 1104 2880 1159 2915; x_wconf 91' lang='lat' dir='ltr'>non</span> <span class='ocrx_word' id='word_1_216' title='bbox 1181 2859 1214 2916; x_wconf 87' lang='lat' dir='ltr'>ad</span> 
     </span>
     <span class='ocr_line' id='line_1_27' title="bbox 103 2941 1213 3025; baseline 0.004 -28"><span class='ocrx_word' id='word_1_217' title='bbox 103 2952 196 3021; x_wconf 84' lang='lat' dir='ltr'>partes</span> <span class='ocrx_word' id='word_1_218' title='bbox 213 2944 327 3009; x_wconf 83' lang='lat' dir='ltr'>vocatis,</span> <span class='ocrx_word' id='word_1_219' title='bbox 346 2941 402 2998; x_wconf 85' lang='lat' dir='ltr'>lere</span> <span class='ocrx_word' id='word_1_220' title='bbox 419 2944 553 2998; x_wconf 89' lang='lat' dir='ltr'>miremur.</span> <span class='ocrx_word' id='word_1_221' title='bbox 587 2942 633 2999; x_wconf 59' lang='lat' dir='ltr'>&gt;At</span> <span class='ocrx_word' id='word_1_222' title='bbox 655 2942 698 2999; x_wconf 90' lang='lat' dir='ltr'>bis</span> <span class='ocrx_word' id='word_1_223' title='bbox 718 2944 882 3022; x_wconf 83' lang='lat' dir='ltr'>explicandis</span> <span class='ocrx_word' id='word_1_224' title='bbox 901 2947 1057 3025; x_wconf 85' lang='lat' dir='ltr'>suppeditat</span> <span class='ocrx_word' id='word_1_225' title='bbox 1075 2945 1213 3022; x_wconf 86' lang='lat' dir='ltr'>quaedam,</span> 
     </span>
     <span class='ocr_line' id='line_1_28' title="bbox 105 3025 1213 3105; baseline 0.005 -21"><span class='ocrx_word' id='word_1_226' title='bbox 105 3030 151 3104; x_wconf 86' lang='lat' dir='ltr'>qui</span> <span class='ocrx_word' id='word_1_227' title='bbox 173 3026 249 3082; x_wconf 89' lang='lat' dir='ltr'>solus</span> <span class='ocrx_word' id='word_1_228' title='bbox 273 3029 389 3083; x_wconf 90' lang='lat' dir='ltr'>omnium</span> <span class='ocrx_word' id='word_1_229' title='bbox 412 3029 477 3084; x_wconf 89' lang='lat' dir='ltr'>mihi</span> <span class='ocrx_word' id='word_1_230' title='bbox 501 3031 614 3105; x_wconf 79' lang='lat' dir='ltr'>contigit</span> <span class='ocrx_word' id='word_1_231' title='bbox 636 3029 707 3104; x_wconf 80' lang='lat' dir='ltr'>Frey</span> <span class='ocrx_word' id='word_1_232' title='bbox 729 3030 867 3086; x_wconf 87' lang='lat' dir='ltr'>Bernardo</span> <span class='ocrx_word' id='word_1_233' title='bbox 892 3025 926 3087; x_wconf 73' lang='lat' dir='ltr'>de</span> <span class='ocrx_word' id='word_1_234' title='bbox 948 3033 1037 3089; x_wconf 86' lang='lat' dir='ltr'>Britto</span> <span class='ocrx_word' id='word_1_235' title='bbox 1058 3031 1213 3089; x_wconf 80' lang='lat' dir='ltr'>Lusitanus.</span> 
     </span>
     <span class='ocr_line' id='line_1_29' title="bbox 103 3113 1214 3194; baseline 0.005 -26"><span class='ocrx_word' id='word_1_236' title='bbox 103 3113 130 3169; x_wconf 89' lang='lat' dir='ltr'>ls</span> <span class='ocrx_word' id='word_1_237' title='bbox 155 3114 226 3168; x_wconf 88' lang='lat' dir='ltr'>enim</span> <span class='ocrx_word' id='word_1_238' title='bbox 248 3113 276 3167; x_wconf 91' lang='lat' dir='ltr'>in</span> <span class='ocrx_word' id='word_1_239' title='bbox 299 3114 439 3188; x_wconf 85' lang='lat' dir='ltr'>„segunda</span> <span class='ocrx_word' id='word_1_240' title='bbox 457 3125 535 3194; x_wconf 86' lang='lat' dir='ltr'>parte</span> <span class='ocrx_word' id='word_1_241' title='bbox 554 3114 587 3170; x_wconf 92' lang='lat' dir='ltr'>da</span> <span class='ocrx_word' id='word_1_242' title='bbox 606 3115 759 3172; x_wconf 89' lang='lat' dir='ltr'>monarchia</span> <span class='ocrx_word' id='word_1_243' title='bbox 776 3116 928 3173; x_wconf 86' lang='lat' dir='ltr'>Lusitana“</span> <span class='ocrx_word' id='word_1_244' title='bbox 947 3117 1008 3174; x_wconf 90' lang='lat' dir='ltr'>libr.</span> <span class='ocrx_word' id='word_1_245' title='bbox 1018 3118 1064 3175; x_wconf 87' lang='lat' dir='ltr'>Vl.</span> <span class='ocrx_word' id='word_1_246' title='bbox 1083 3122 1161 3176; x_wconf 55' lang='lat'>027.</span> <span class='ocrx_word' id='word_1_247' title='bbox 1180 3128 1214 3175; x_wconf 87' lang='lat' dir='ltr'>ut</span> 
     </span>
     <span class='ocr_line' id='line_1_30' title="bbox 105 3198 1214 3274; baseline 0.005 -19"><span class='ocrx_word' id='word_1_248' title='bbox 105 3199 261 3256; x_wconf 88' lang='lat' dir='ltr'>Orosium</span> <span class='ocrx_word' id='word_1_249' title='bbox 284 3198 469 3257; x_wconf 86' lang='lat' dir='ltr'>Braccarae</span> <span class='ocrx_word' id='word_1_250' title='bbox 492 3200 658 3268; x_wconf 87' lang='lat' dir='ltr'>vindicet,</span> <span class='ocrx_word' id='word_1_251' title='bbox 686 3222 740 3257; x_wconf 91' lang='lat' dir='ltr'>non</span> <span class='ocrx_word' id='word_1_252' title='bbox 763 3203 850 3259; x_wconf 87' lang='lat' dir='ltr'>solum</span> <span class='ocrx_word' id='word_1_253' title='bbox 874 3203 1011 3274; x_wconf 80' lang='lat' dir='ltr'>(fol.251.</span> <span class='ocrx_word' id='word_1_254' title='bbox 1030 3225 1087 3264; x_wconf 86' lang='lat' dir='ltr'>rev.</span> <span class='ocrx_word' id='word_1_255' title='bbox 1105 3205 1157 3261; x_wconf 93' lang='lat' dir='ltr'>col.</span> <span class='ocrx_word' id='word_1_256' title='bbox 1172 3205 1214 3274; x_wconf 87' lang='lat'>1.)</span> 
     </span>
     <span class='ocr_line' id='line_1_31' title="bbox 104 3286 1214 3366; baseline 0.007 -26"><span class='ocrx_word' id='word_1_257' title='bbox 104 3286 255 3340; x_wconf 84' lang='lat' dir='ltr'>scienter</span> <span class='ocrx_word' id='word_1_258' title='bbox 273 3286 364 3340; x_wconf 88' lang='lat' dir='ltr'>omisit</span> <span class='ocrx_word' id='word_1_259' title='bbox 381 3286 462 3342; x_wconf 87' lang='lat' dir='ltr'>verba</span> <span class='ocrx_word' id='word_1_260' title='bbox 483 3289 679 3343; x_wconf 87' lang='lat' dir='ltr'>commonitorii</span> <span class='ocrx_word' id='word_1_261' title='bbox 697 3288 833 3358; x_wconf 87' lang='lat' dir='ltr'>Orosiani,</span> <span class='ocrx_word' id='word_1_262' title='bbox 854 3290 952 3366; x_wconf 89' lang='lat' dir='ltr'>quibus</span> <span class='ocrx_word' id='word_1_263' title='bbox 970 3290 1065 3347; x_wconf 80' lang='lat' dir='ltr'>Aviti</span> <span class='ocrx_word' id='word_1_264' title='bbox 1083 3293 1214 3348; x_wconf 86' lang='lat' dir='ltr'>reversi</span> 
     </span>
     <span class='ocr_line' id='line_1_32' title="bbox 104 3368 1214 3454; baseline 0.007 -29"><span class='ocrx_word' id='word_1_265' title='bbox 104 3370 238 3436; x_wconf 88' lang='lat' dir='ltr'>dicuntur,</span> <span class='ocrx_word' id='word_1_266' title='bbox 262 3368 311 3424; x_wconf 89' lang='lat' dir='ltr'>sed</span> <span class='ocrx_word' id='word_1_267' title='bbox 330 3372 409 3426; x_wconf 89' lang='lat' dir='ltr'>etiam</span> <span class='ocrx_word' id='word_1_268' title='bbox 427 3375 494 3429; x_wconf 86' lang='lat' dir='ltr'>actis</span> <span class='ocrx_word' id='word_1_269' title='bbox 513 3373 621 3429; x_wconf 91' lang='lat' dir='ltr'>concilii</span> <span class='ocrx_word' id='word_1_270' title='bbox 639 3375 821 3451; x_wconf 84' lang='lat' dir='ltr'>provincialis,</span> <span class='ocrx_word' id='word_1_271' title='bbox 843 3376 877 3431; x_wconf 84' lang='lat' dir='ltr'>de</span> <span class='ocrx_word' id='word_1_272' title='bbox 896 3397 948 3453; x_wconf 91' lang='lat' dir='ltr'>quo</span> <span class='ocrx_word' id='word_1_273' title='bbox 967 3379 1098 3453; x_wconf 84' lang='lat' dir='ltr'>imprimis</span> <span class='ocrx_word' id='word_1_274' title='bbox 1118 3381 1214 3454; x_wconf 79' lang='lat' dir='ltr'>agitur,</span> 
     </span>
     <span class='ocr_line' id='line_1_33' title="bbox 104 3453 1214 3541; baseline 0.009 -31"><span class='ocrx_word' id='word_1_275' title='bbox 104 3465 205 3511; x_wconf 85' lang='lat' dir='ltr'>totam</span> <span class='ocrx_word' id='word_1_276' title='bbox 222 3453 396 3533; x_wconf 85' lang='lat' dir='ltr'>periodum</span> <span class='ocrx_word' id='word_1_277' title='bbox 413 3456 577 3516; x_wconf 82' lang='lat' dir='ltr'>ficticiam</span> <span class='ocrx_word' id='word_1_278' title='bbox 596 3460 746 3527; x_wconf 84' lang='lat' dir='ltr'>subiunxit,</span> <span class='ocrx_word' id='word_1_279' title='bbox 768 3462 813 3518; x_wconf 82' lang='lat' dir='ltr'>vel</span> <span class='ocrx_word' id='word_1_280' title='bbox 830 3465 921 3541; x_wconf 91' lang='lat' dir='ltr'>potius</span> <span class='ocrx_word' id='word_1_281' title='bbox 940 3465 1100 3533; x_wconf 86' lang='lat' dir='ltr'>immiscuit,</span> <span class='ocrx_word' id='word_1_282' title='bbox 1123 3485 1214 3522; x_wconf 89' lang='lat' dir='ltr'>crasse</span> 
     </span>
     <span class='ocr_line' id='line_1_34' title="bbox 104 3539 1213 3628; baseline 0.01 -31"><span class='ocrx_word' id='word_1_283' title='bbox 104 3561 169 3597; x_wconf 87' lang='lat' dir='ltr'>sane</span> <span class='ocrx_word' id='word_1_284' title='bbox 192 3551 220 3597; x_wconf 83' lang='lat' dir='ltr'>et</span> <span class='ocrx_word' id='word_1_285' title='bbox 241 3539 345 3596; x_wconf 87' lang='lat' dir='ltr'>insulse</span> <span class='ocrx_word' id='word_1_286' title='bbox 366 3541 432 3612; x_wconf 89' lang='lat' dir='ltr'>(lol.</span> <span class='ocrx_word' id='word_1_287' title='bbox 451 3547 513 3600; x_wconf 73' lang='lat'>247.</span> <span class='ocrx_word' id='word_1_288' title='bbox 531 3566 587 3602; x_wconf 88' lang='lat' dir='ltr'>rev.</span> <span class='ocrx_word' id='word_1_289' title='bbox 604 3545 693 3603; x_wconf 85' lang='lat' dir='ltr'>coll.</span> <span class='ocrx_word' id='word_1_290' title='bbox 718 3558 744 3602; x_wconf 86' lang='lat' dir='ltr'>et</span> <span class='ocrx_word' id='word_1_291' title='bbox 767 3547 813 3604; x_wconf 86' lang='lat' dir='ltr'>lol.</span> <span class='ocrx_word' id='word_1_292' title='bbox 830 3553 891 3605; x_wconf 74' lang='lat'>249.</span> <span class='ocrx_word' id='word_1_293' title='bbox 907 3569 961 3606; x_wconf 85' lang='lat' dir='ltr'>rev.</span> <span class='ocrx_word' id='word_1_294' title='bbox 980 3549 1031 3606; x_wconf 91' lang='lat' dir='ltr'>col.</span> <span class='ocrx_word' id='word_1_295' title='bbox 1044 3555 1069 3607; x_wconf 81' lang='lat'>2.</span> <span class='ocrx_word' id='word_1_296' title='bbox 1090 3552 1213 3628; x_wconf 88' lang='lat' dir='ltr'>quibuse.</span> 
     </span>
     <span class='ocr_line' id='line_1_35' title="bbox 105 3625 811 3709; baseline 0.011 -28"><span class='ocrx_word' id='word_1_297' title='bbox 105 3625 137 3682; x_wconf 84' lang='lat' dir='ltr'>cl.</span> <span class='ocrx_word' id='word_1_298' title='bbox 156 3626 305 3682; x_wconf 89' lang='lat' dir='ltr'>Labbeum:</span> <span class='ocrx_word' id='word_1_299' title='bbox 325 3628 421 3684; x_wconf 93' lang='lat' dir='ltr'>concil.</span> <span class='ocrx_word' id='word_1_300' title='bbox 442 3629 518 3686; x_wconf 89' lang='lat' dir='ltr'>Tom.</span> <span class='ocrx_word' id='word_1_301' title='bbox 530 3630 576 3687; x_wconf 92' lang='lat' dir='ltr'>Vl.</span> <span class='ocrx_word' id='word_1_302' title='bbox 595 3631 645 3688; x_wconf 90' lang='lat' dir='ltr'>col.</span> <span class='ocrx_word' id='word_1_303' title='bbox 659 3636 711 3689; x_wconf 83' lang='grc'>561</span> <span class='ocrx_word' id='word_1_304' title='bbox 724 3633 811 3709; x_wconf 86' lang='lat' dir='ltr'>sqq).</span> 
     </span>
    </p>
   </div>
   <div class='ocr_carea' id='block_1_5' title="bbox 138 3711 1213 3855">
    <p class='ocr_par' dir='ltr' id='par_1_6' title="bbox 138 3711 1213 3855">
     <span class='ocr_line' id='line_1_36' title="bbox 138 3711 1213 3791; baseline 0.013 -27"><span class='ocrx_word' id='word_1_305' title='bbox 138 3711 154 3742; x_wconf 76' lang='lat'>⁴*</span> <span class='ocrx_word' id='word_1_306' title='bbox 177 3715 231 3766; x_wconf 89' lang='lat' dir='ltr'>Ubi</span> <span class='ocrx_word' id='word_1_307' title='bbox 253 3715 280 3766; x_wconf 89' lang='lat' dir='ltr'>in</span> <span class='ocrx_word' id='word_1_308' title='bbox 298 3715 422 3768; x_wconf 81' lang='lat' dir='ltr'>Marinaei</span> <span class='ocrx_word' id='word_1_309' title='bbox 441 3719 519 3771; x_wconf 79' lang='lat' dir='ltr'>Siculi</span> <span class='ocrx_word' id='word_1_310' title='bbox 538 3721 608 3773; x_wconf 88' lang='lat' dir='ltr'>libris</span> <span class='ocrx_word' id='word_1_311' title='bbox 626 3724 657 3774; x_wconf 92' lang='lat' dir='ltr'>de</span> <span class='ocrx_word' id='word_1_312' title='bbox 674 3725 726 3774; x_wconf 88' lang='lat' dir='ltr'>reb.</span> <span class='ocrx_word' id='word_1_313' title='bbox 745 3723 818 3791; x_wconf 86' lang='lat' dir='ltr'>Hisp.</span> <span class='ocrx_word' id='word_1_314' title='bbox 836 3724 1018 3778; x_wconf 82' lang='lat' dir='ltr'>memorabilib.</span> <span class='ocrx_word' id='word_1_315' title='bbox 1037 3727 1123 3778; x_wconf 89' lang='lat' dir='ltr'>Nostri</span> <span class='ocrx_word' id='word_1_316' title='bbox 1143 3748 1213 3780; x_wconf 90' lang='lat' dir='ltr'>men-</span> 
     </span>
     <span class='ocr_line' id='line_1_37' title="bbox 175 3785 570 3855; baseline 0.023 -20"><span class='ocrx_word' id='word_1_317' title='bbox 175 3785 211 3836; x_wconf 80' lang='lat' dir='ltr'>tio</span> <span class='ocrx_word' id='word_1_318' title='bbox 229 3786 285 3852; x_wconf 79' lang='lat' dir='ltr'>fiat,</span> <span class='ocrx_word' id='word_1_319' title='bbox 305 3787 421 3855; x_wconf 86' lang='lat' dir='ltr'>equidem</span> <span class='ocrx_word' id='word_1_320' title='bbox 440 3810 492 3842; x_wconf 89' lang='lat' dir='ltr'>non</span> <span class='ocrx_word' id='word_1_321' title='bbox 509 3791 570 3845; x_wconf 83' lang='lat' dir='ltr'>vidi.</span> 
     </span>
    </p>
   </div>
   <div class='ocr_carea' id='block_1_6' title="bbox 104 3877 1215 4048">
    <p class='ocr_par' dir='ltr' id='par_1_7' title="bbox 104 3877 1215 4048">
     <span class='ocr_line' id='line_1_38' title="bbox 173 3877 1215 3974; baseline 0.015 -35"><span class='ocrx_word' id='word_1_322' title='bbox 173 3886 208 3955; x_wconf 81' lang='grc'>3)</span> <span class='ocrx_word' id='word_1_323' title='bbox 226 3884 328 3942; x_wconf 69' lang='lat' dir='ltr'>ursan.</span> <span class='ocrx_word' id='word_1_324' title='bbox 347 3886 406 3957; x_wconf 86' lang='lat' dir='ltr'>vn,</span> <span class='ocrx_word' id='word_1_325' title='bbox 419 3893 462 3947; x_wconf 78' lang='lat' dir='ltr'>n.</span> <span class='ocrx_word' id='word_1_326' title='bbox 481 3895 578 3968; x_wconf 72' lang='lat' dir='ltr'>pars.</span> <span class='ocrx_word' id='word_1_327' title='bbox 601 3893 641 3949; x_wconf 64' lang='lat' dir='ltr'>aa.</span> <span class='ocrx_word' id='word_1_328' title='bbox 655 3877 767 3951; x_wconf 64' lang='lat' dir='ltr'>navae.</span> <span class='ocrx_word' id='word_1_329' title='bbox 788 3928 819 3939; x_wconf 91' lang='lat'>-</span> <span class='ocrx_word' id='word_1_330' title='bbox 845 3895 887 3952; x_wconf 85' lang='lat' dir='ltr'>or.</span> <span class='ocrx_word' id='word_1_331' title='bbox 907 3899 984 3952; x_wconf 69' lang='lat' dir='ltr'>enam</span> <span class='ocrx_word' id='word_1_332' title='bbox 1003 3919 1071 3974; x_wconf 67' lang='lat' dir='ltr'>quae</span> <span class='ocrx_word' id='word_1_333' title='bbox 1090 3898 1147 3967; x_wconf 78' lang='lat' dir='ltr'>nr,</span> <span class='ocrx_word' id='word_1_334' title='bbox 1169 3899 1215 3955; x_wconf 82' lang='lat' dir='ltr'>uu</span> 
     </span>
     <span class='ocr_line' id='line_1_39' title="bbox 104 3969 1002 4048; baseline 0.014 -22"><span class='ocrx_word' id='word_1_335' title='bbox 104 3970 138 4027; x_wconf 88' lang='lat' dir='ltr'>de</span> <span class='ocrx_word' id='word_1_336' title='bbox 155 3969 250 4028; x_wconf 85' lang='lat' dir='ltr'>Nostri</span> <span class='ocrx_word' id='word_1_337' title='bbox 268 3970 378 4043; x_wconf 83' lang='lat' dir='ltr'>lontib,</span> <span class='ocrx_word' id='word_1_338' title='bbox 397 3974 430 4044; x_wconf 93' lang='lat' dir='ltr'>ll,</span> <span class='ocrx_word' id='word_1_339' title='bbox 449 3977 480 4043; x_wconf 82' lang='lat'>33</span> <span class='ocrx_word' id='word_1_340' title='bbox 499 3978 522 4048; x_wconf 83' lang='lat'>§.</span> <span class='ocrx_word' id='word_1_341' title='bbox 537 3983 578 4035; x_wconf 74' lang='lat'>12.</span> <span class='ocrx_word' id='word_1_342' title='bbox 598 3980 631 4036; x_wconf 85' lang='lat' dir='ltr'>ad</span> <span class='ocrx_word' id='word_1_343' title='bbox 649 3979 720 4036; x_wconf 89' lang='lat' dir='ltr'>hunc</span> <span class='ocrx_word' id='word_1_344' title='bbox 738 3980 789 4038; x_wconf 88' lang='lat' dir='ltr'>loc.</span> <span class='ocrx_word' id='word_1_345' title='bbox 809 3982 1002 4039; x_wconf 89' lang='lat' dir='ltr'>admonuimus.</span> 
     </span>
    </p>
   </div>
   <div class='ocr_carea' id='block_1_7' title="bbox 172 4073 1213 4269">
    <p class='ocr_par' dir='ltr' id='par_1_8' title="bbox 172 4073 1213 4269">
     <span class='ocr_line' id='line_1_40' title="bbox 173 4073 1213 4171; baseline 0.013 -39"><span class='ocrx_word' id='word_1_346' title='bbox 173 4079 207 4149; x_wconf 83' lang='grc'>4)</span> <span class='ocrx_word' id='word_1_347' title='bbox 226 4073 313 4156; x_wconf 80' lang='lat' dir='ltr'>Epist.</span> <span class='ocrx_word' id='word_1_348' title='bbox 332 4099 375 4135; x_wconf 92' lang='lat' dir='ltr'>no.</span> <span class='ocrx_word' id='word_1_349' title='bbox 387 4083 445 4138; x_wconf 91' lang='grc'><strong>166.</strong></span> <span class='ocrx_word' id='word_1_350' title='bbox 466 4082 589 4156; x_wconf 61' lang='grc'><strong>(1128.)</strong></span> <span class='ocrx_word' id='word_1_351' title='bbox 609 4107 672 4164; x_wconf 93' lang='lat' dir='ltr'>opp.</span> <span class='ocrx_word' id='word_1_352' title='bbox 686 4085 874 4143; x_wconf 86' lang='lat' dir='ltr'>edBenedict.</span> <span class='ocrx_word' id='word_1_353' title='bbox 895 4087 1012 4145; x_wconf 88' lang='lat' dir='ltr'>Tomll.</span> <span class='ocrx_word' id='word_1_354' title='bbox 1034 4087 1168 4171; x_wconf 68' lang='grc'><strong>061683.</strong></span> <span class='ocrx_word' id='word_1_355' title='bbox 1181 4089 1213 4146; x_wconf 89' lang='lat' dir='ltr'>G.</span> 
     </span>
     <span class='ocr_line' id='line_1_41' title="bbox 172 4183 1126 4269; baseline 0.01 -30"><span class='ocrx_word' id='word_1_356' title='bbox 172 4184 206 4253; x_wconf 82' lang='grc'>6)</span> <span class='ocrx_word' id='word_1_357' title='bbox 224 4183 311 4261; x_wconf 83' lang='lat' dir='ltr'>Epist.</span> <span class='ocrx_word' id='word_1_358' title='bbox 330 4204 373 4242; x_wconf 91' lang='lat' dir='ltr'>no.</span> <span class='ocrx_word' id='word_1_359' title='bbox 384 4188 444 4244; x_wconf 89' lang='grc'><strong>169.</strong></span> <span class='ocrx_word' id='word_1_360' title='bbox 463 4189 607 4262; x_wconf 78' lang='lat' dir='ltr'>(al.102.)</span> <span class='ocrx_word' id='word_1_361' title='bbox 625 4211 689 4269; x_wconf 92' lang='lat' dir='ltr'>opp.</span> <span class='ocrx_word' id='word_1_362' title='bbox 704 4190 744 4248; x_wconf 87' lang='lat' dir='ltr'>ed.</span> <span class='ocrx_word' id='word_1_363' title='bbox 758 4191 776 4249; x_wconf 95' lang='lat' dir='ltr'>l.</span> <span class='ocrx_word' id='word_1_364' title='bbox 803 4191 922 4249; x_wconf 83' lang='lat' dir='ltr'>Tomss.</span> <span class='ocrx_word' id='word_1_365' title='bbox 947 4192 1008 4252; x_wconf 87' lang='lat' dir='ltr'>Col.</span> <span class='ocrx_word' id='word_1_366' title='bbox 1017 4196 1078 4252; x_wconf 83' lang='lat'>608.</span> <span class='ocrx_word' id='word_1_367' title='bbox 1093 4194 1126 4250; x_wconf 82' lang='lat' dir='ltr'>A.</span> 
     </span>
    </p>
   </div>
   <div class='ocr_carea' id='block_1_8' title="bbox 0 0 1326 4764">
    <p class='ocr_par' dir='ltr' id='par_1_9' title="bbox 0 0 1326 4764">
     <span class='ocr_line' id='line_1_42' title="bbox 0 0 1326 4764; baseline 0 0"><span class='ocrx_word' id='word_1_368' title='bbox 0 0 1326 4764; x_wconf 95' lang='lat' dir='ltr'> </span> 
     </span>
    </p>
   </div>
  </div>
 </body>
</html>
