2640 4764
703 197 764 262 116

174 373 270 430 scribit
290 372 397 430 Noster.
438 369 494 429 Sed
518 390 586 446 quae
608 390 671 427 mox
694 372 945 448 sequacitatem.
969 367 1096 437 „Eodem
1119 388 1192 425 anno
1216 367 1277 425 Galli

174 459 310 538 Cisalpini
331 461 395 516 novi
418 460 546 514 exstitere
564 456 658 514 hostes
666 460 681 486 “
699 478 763 514 non
781 456 878 513 leviter
896 457 1097 532 oscitanterque
1115 455 1164 512 illa
1183 476 1279 534 compo

35 546 38 550 ⁸
86 582 90 587 >
175 548 264 604 suisne
282 545 412 603 Orosinm
431 544 600 601 demonstare
618 544 765 614 videntur]

245 630 292 699 IV,
307 635 348 687 12.
367 653 392 708 p.
403 630 658 699 tas-(atttttu.
677 628 802 685 Valerius
821 647 895 685 cous.
915 648 938 685 e.
953 625 1039 683 Gallis
1052 625 1158 704 Cisalp.
1172 628 1215 685 bis
1227 648 1279 684 coc

177 718 253 792 fligit.
283 717 331 786 [ln
349 716 461 793 singulis
481 716 610 793 quaedam
628 715 661 772 al.
680 735 734 771 non
753 714 931 792 reperienda]
947 746 978 757 -
999 713 1031 769 Τ.
1043 711 1125 770 Manl.
1139 713 1278 790 Torquato,

178 803 211 862 0.
224 803 289 860 Atil.
301 802 392 860 Bulbo
410 823 481 860 coss.
500 802 580 859 Sardi
598 800 760 857 rebellantes
778 800 897 868 subacti;
922 798 1021 855 Poenis
1041 799 1123 855 buius
1142 803 1184 856 rei
1201 810 1280 857 aceto

179 890 253 946 ribus
281 888 411 946 indictum
435 888 549 955 bellum,
578 889 625 964 qui
648 886 677 942 id
698 887 850 962 legationib.
875 886 1060 963 deprecantur.
1104 885 1154 954 [ln
1177 885 1280 962 singulis

179 975 213 1034 de
234 976 388 1055 legationib.
407 975 536 1052 quaedam
559 973 592 1030 al.
611 992 665 1028 nou
689 973 863 1039 invenienda3
885 972 935 1028 sed
958 982 1079 1049 tempore
1099 971 1227 1028 distantia
1244 971 1280 1028 vel

178 1062 247 1119 adeo
265 1063 319 1119 dno
337 1061 417 1139 plane
435 1060 539 1118 diversa
557 1060 602 1115 hie
621 1061 762 1116 coniuncte
774 1059 874 1115 habere
885 1058 1016 1115 videmur.
1041 1058 1074 1114 ef.
1087 1058 1187 1134 Polyb.
1200 1062 1228 1115 in
1242 1059 1280 1115 [iu

179 1147 273 1204 libril
296 1157 323 1204 et
345 1149 458 1224 Eutrop.
477 1147 527 1215 ΙΙΙ,
548 1147 590 1215 1,]
617 1177 649 1189 -
675 1164 701 1221 p.
717 1149 790 1203 tid:
813 1145 894 1201 launs
912 1143 1029 1201 clausus.
1056 1144 1105 1215 (cf.
1125 1143 1280 1214 Liv.1‚1u.

179 1234 294 1310 Eutrop.
312 1232 330 1289 l.
344 1232 382 1300 l.)
417 1235 454 1290 Et
471 1235 500 1289 in
517 1232 561 1287 his
578 1230 636 1288 Lir.
655 1231 716 1287 XX.
736 1241 857 1289 secutum
876 1251 937 1287 esse
955 1230 1083 1286 Orosium
1102 1233 1210 1307 opinor.

251 1318 298 1386 ΙΙΙ,
318 1322 360 1374 13.
383 1340 410 1396 p.
424 1320 606 1373 trs-251.:
634 1317 753 1374 Amilcar
778 1320 806 1373 in
829 1317 957 1395 Hispania
982 1319 1095 1373 occisus.
1123 1316 1177 1385 (cf.
1196 1316 1280 1392 Polyb.

180 1404 214 1472 ΙΙ,
228 1409 252 1461 l.
280 1403 338 1460 biv.
357 1404 475 1472 xxm
495 1413 522 1460 et
539 1402 640 1471 XXIV,
652 1407 713 1473 tl.)
755 1403 861 1459 Bellum
883 1425 905 1460 e.
923 1402 1039 1478 Illyriis,
1060 1401 1159 1459 Pulvio
1179 1402 1281 1459 Postbn·

181 1493 290 1567 mioque
308 1510 379 1547 coss.
404 1510 459 1547 sec.
477 1489 536 1547 Liv.
550 1491 612 1547 XX.
642 1490 741 1559 [Oros.
756 1478 879 1564 „legati
896 1519 932 1531 -
950 1486 1120 1545 interfecti“
1144 1493 1232 1545 minus
1248 1509 1282 1544 ae·

182 1586 287 1645 curate,
311 1597 392 1652 quum
413 1575 482 1633 Liv.
502 1586 530 1632 et
547 1575 643 1650 Polyb.
661 1575 695 1644 ll,
714 1578 739 1632 8.
758 1595 853 1631 unum
871 1575 981 1651 legator.
999 1584 1104 1631 tantum
1121 1575 1281 1633 interfectum

182 1663 311 1739 prodant,
335 1662 498 1719 dissentiunt
518 1683 583 1719 vero
607 1662 657 1718 bac
679 1662 714 1718 de
736 1683 767 1718 re
789 1664 908 1739 scriptt.]
945 1661 1056 1718 Hostiae
1072 1661 1214 1719 humanae.
1235 1681 1281 1719 sea

181 1748 241 1807 Liv.
253 1748 333 1805 XX?
351 1748 404 1819 (cf.
422 1747 492 1805 Plut.
510 1747 628 1805 llareell.
645 1751 670 1805 3.
691 1751 838 1824 quaestion.
852 1748 929 1803 llom.
948 1750 991 1804 83.
1009 1758 1038 1804 et
1054 1747 1115 1805 Ltv.
1134 1747 1281 1815 xxttot.)

184 1835 265 1904 [num
282 1836 388 1893 virum
400 1834 531 1891 Graecum
549 1836 640 1890 omisit
653 1834 785 1891 Orosius?
806 1833 840 1889 ef.
859 1843 996 1911 praeterea
1009 1833 1133 1890 Grubitz.
1146 1855 1198 1890 em.
1211 1833 1282 1891 Oros

182 1942 210 1998 p.
218 1922 276 1990 28]
296 1952 329 1963 -
354 1923 462 1997 pm:
484 1919 515 1977 Ia
529 1919 624 1976 Aemil.
638 1920 725 1998 Papo,
745 1920 777 1976 C.
791 1919 855 1977 Atil.
873 1918 977 1994 Regulo
996 1940 1065 1977 coss.
1086 1919 1177 1976 Gallia
1190 1919 1282 1997 Cisalp.

184 2007 290 2074 deficta
307 2005 503 2084 Transalpinos
516 2005 611 2064 Gallos
630 2006 797 2077 (Gaesatos)
816 2005 960 2062 adventare
973 2007 1127 2063 nunciatur:
1148 1996 1237 2064 terror
1252 2009 1282 2063 in·

183 2113 256 2168 gens.
276 2093 325 2164 (cf.
345 2091 440 2169 Polyb.
454 2092 487 2161 ll,
499 2096 541 2148 23.
561 2091 657 2161 221.)
690 2091 783 2149 ltaliae
801 2094 885 2148 totius
903 2093 976 2148 vires
994 2103 1159 2150 contractae.
1180 2093 1231 2165 (cf.
1243 2091 1283 2149 Po

183 2179 240 2255 lyb.
258 2178 292 2248 ΙΙ,
303 2180 361 2248 at.)
384 2178 477 2248 [Fabii
495 2178 617 2235 historici
635 2179 735 2236 laudati
754 2199 851 2235 nomen
869 2180 927 2234 sivo
946 2198 961 2233 e
977 2177 1035 2236 Lir.
1054 2182 1113 2235 sive
1132 2201 1168 2237 ex
1179 2181 1282 2256 Eutrop.

184 2265 371 2342 descriptum]
408 2263 542 2320 Proelium
565 2286 606 2343 ap.
625 2266 760 2323 Aretium:
789 2265 873 2323 Atilio
898 2284 971 2322 cons.
993 2286 1015 2322 e.
1037 2267 1126 2321 tribus
1151 2266 1235 2322 milib.
1252 2267 1283 2321 in·

184 2351 317 2418 terfectis,
341 2350 454 2406 Romani
477 2350 588 2424 fugiunt.
613 2352 695 2428 [„ap.
715 2352 859 2409 Aretinm“
880 2386 910 2395 -
931 2355 955 2408 si
973 2352 1056 2409 locor.
1075 2355 1160 2408 situm
1178 2353 1282 2430 respicis

184 2446 212 2493 et
229 2436 325 2512 Polyb.
343 2435 377 2503 ll,
394 2440 437 2492 25.
457 2437 576 2506 confers,
601 2441 701 2515 optime
723 2439 830 2495 videtur
848 2437 962 2505 dictum;
985 2448 1122 2516 praeterea
1142 2460 1209 2496 vero
1226 2436 1283 2495 falsa

183 2522 270 2600 plura,
289 2542 348 2578 nec
367 2542 450 2598 quae
467 2523 568 2583 Orosio
587 2527 694 2581 inscio
713 2527 799 2581 omnia
817 2525 886 2580 facta
905 2524 1008 2592 credas,
1027 2527 1120 2581 insunt
1138 2524 1204 2581 illis.
1236 2524 1284 2581 au

183 2607 237 2665 lius
262 2610 331 2664 enim
350 2610 379 2665 in
396 2608 478 2666 altera
496 2611 543 2667 illa
560 2611 634 2668 felici
651 2611 686 2667 ad
704 2611 780 2669 Pisas
799 2631 893 2667 caesus
914 2621 956 2667 est
972 2631 1060 2690 pugna
1080 2611 1284 2687 (negligentiam

184 2693 324 2762 factumi).
348 2697 432 2753 octies
450 2708 563 2755 centena
580 2709 668 2755 autem
687 2698 759 2755 milia
770 2698 951 2755 Romanorum
968 2697 1031 2754 buic
1049 2697 1155 2774 proelio
1174 2708 1203 2755 et
1214 2701 1284 2755 iuter

185 2779 269 2836 fuisse
288 2789 315 2836 et
332 2780 434 2855 fugisse
452 2803 502 2840 suo
520 2805 553 2841 ex
565 2787 681 2858 iugenio,
700 2787 865 2853 conscius,
885 2783 953 2839 falso
967 2785 1078 2861 scripsit
1091 2783 1219 2841 Orosius.
1245 2783 1284 2841 ΙΙΙ

183 2868 259 2922 noris
278 2870 417 2934 momenti,
442 2870 516 2942 quod
533 2870 633 2927 Noster
650 2873 701 2927 tria
719 2869 791 2925 milia
810 2870 942 2927 cecidisse
961 2870 1070 2936 scribit,
1093 2890 1179 2945 qnam
1196 2872 1225 2927 in
1242 2868 1284 2926 Po·

186 2951 240 3027 lyb.
258 2950 276 3006 l.
297 2950 315 3007 l.
333 2971 383 3007 sex
400 2953 473 3008 milia
490 2955 632 3030 legantur]
658 2988 689 2999 -
715 2977 741 3032 p.
753 2959 828 3011 250.:
850 2956 943 3012 Altera
963 2955 1068 3012 felixc.
1088 2954 1177 3012 Gallis
1194 2977 1282 3035 pugna.

186 3035 236 3104 (cf.
256 3034 350 3110 Polyb.
364 3035 397 3105 ll,
410 3041 453 3095 31.
472 3040 584 3119 Eutrop.
596 3041 641 3108 Ill,
653 3041 694 3112 2.)
724 3041 803 3099 Manl.
817 3041 979 3118 Torquatus,
997 3040 1075 3098 Fulr.
1088 3040 1204 3098 Flaccus
1223 3060 1283 3098 coss.

184 3119 285 3178 Padum
308 3126 470 3196 transgressi
492 3125 619 3184 Insubres
643 3127 779 3201 subigunt.
807 3129 879 3197 [sec.
899 3126 995 3202 Polyb.
1007 3126 1041 3194 ll,
1057 3129 1092 3181 32
1105 3131 1188 3183 essa.
1208 3128 1284 3184 froca

185 3227 257 3264 coss.
276 3209 338 3264 anni
355 3212 494 3286 sequentis
512 3223 623 3288 gestum.
651 3234 750 3269 novum
768 3216 849 3290 igitur
867 3213 1002 3290 quoddam
1020 3212 1127 3270 ridetur
1139 3215 1170 3270 in
1182 3213 1285 3279 Nostro,

186 3295 227 3348 cni
251 3302 364 3370 propter
382 3297 510 3353 incuriam
529 3298 624 3354 Orosii
641 3298 693 3354 hoc
711 3301 739 3355 in
757 3302 845 3377 capite
862 3299 1028 3355 manifestam
1044 3300 1090 3356 vix
1108 3299 1187 3356 fides.
1226 3300 1285 3357 Cae·

184 3397 238 3434 sor.
259 3389 286 3434 et
304 3383 433 3456 captivor.
452 3385 557 3439 numeri
574 3403 628 3439 nou
646 3385 700 3439 nisi
717 3385 880 3455 inllustro]
900 3418 934 3428 -
953 3384 1078 3462 Prodigia
1092 3387 1225 3462 quaedam
1241 3384 1284 3455 (cf

184 3461 254 3519 Plut.
267 3461 385 3521 Illareell.
399 3467 437 3537 4.)
452 3500 485 3527 -,
499 3497 531 3509 -
550 3490 575 3545 p.
584 3474 660 3525 2512
678 3468 824 3528 Flaminius
842 3491 916 3528 cons.
935 3470 1029 3527 Gallos
1047 3473 1134 3528 vincit
1151 3473 1205 3545 (cf.
1222 3472 1285 3531 Plut.

185 3548 302 3605 llarcell.
321 3553 362 3619 4.)
381 3553 423 3620 [is
442 3576 464 3611 c.
483 3552 585 3628 collega
604 3556 682 3631 primi
701 3556 801 3613 Padum
819 3567 960 3614 transeunt
978 3578 1031 3614 see.
1042 3557 1148 3634 Polyb.
1168 3592 1203 3602 -
1221 3579 1284 3617 num

185 3654 287 3691 caesor.
306 3645 333 3691 et
351 3646 454 3713 captor.
472 3639 502 3693 in
519 3638 621 3695 Nostro
638 3645 762 3713 tantum]
785 3675 819 3687 -
843 3642 974 3701 Claudius
992 3652 1065 3700 cons.
1085 3644 1219 3702 Gaesatos
1237 3647 1286 3703 rin·

185 3722 222 3776 cit
245 3731 273 3777 et
291 3719 478 3779 Virdomarum
496 3743 589 3782 eorum
605 3746 692 3802 regem
712 3728 813 3796 caedit,
835 3731 958 3805 interque
976 3729 1027 3786 alia
1039 3730 1148 3808 'oppida
1165 3729 1285 3789 Mediola·

184 3825 247 3860 num
270 3808 347 3882 capit.
372 3807 420 3876 (cf.
441 3806 534 3883 Polyb.
554 3809 642 3877 lter.
665 3812 777 3891 Eutrop.
796 3813 841 3881 lll,
855 3820 878 3869 2.
903 3813 961 3871 Liv.
974 3815 1052 3885 XX.)
1077 3817 1187 3875 Cornel.
1208 3819 1285 3876 lilian-

184 3893 296 3966 eiusque
314 3911 384 3948 coss.
403 3891 488 3950 lstros
506 3895 634 3971 subigunt
650 3898 724 3969 (Lis.
743 3901 855 3978 Eutrop.
874 3900 903 3956 ll.
916 3899 958 3966 ll.)
981 3935 1013 3945 -
1037 3901 1099 3959 l'ab.
1121 3903 1284 3961 Censorinus

182 3975 296 4131 Falbinnp
313 3975 462 4035 Buteonem
479 3979 578 4050 filium,
596 3983 661 4041 furti
678 3985 871 4054 insimulatum,
889 3987 1007 4044 interfici
1024 3987 1107 4044 iubet.
1130 3988 1191 4068 [ap.
1210 3989 1283 4047 oros

183 4080 214 4117 so
226 4081 276 4119 um.
1104 4082 1107 4087 ’

251 4144 330 4203 Hand
353 4148 433 4207 dubie
456 4155 543 4210 omnia
562 4153 622 4224 illa,
646 4158 750 4214 etiamsi
767 4156 865 4213 leviter
881 4178 947 4214 sane
964 4143 1098 4217 interdum
1116 4162 1234 4238 agitasse
1249 4159 1282 4218 ri·

117 4282 120 4291 ,
181 4232 284 4300 deatur,
302 4255 317 4290 e
334 4232 406 4295 Livii
423 4236 484 4297 hbr.
503 4239 557 4298 XX
572 4248 710 4299 mutuatus
728 4251 771 4300 est
788 4241 915 4302 Orosius.
