2640 4764
637 183 699 250 135

184 358 391 433 pals-alta
411 357 471 424 „At
488 376 553 413 vero
566 356 709 412 Dolabella
731 387 760 398 -
781 357 888 414 deducti
907 361 999 413 suut“.
1020 377 1063 415 res
1082 362 1220 416 continent

108 452 217 518 gestas,
240 463 308 519 quae
330 445 451 517 quamvis
474 443 633 515 e(Cacs.),
655 442 743 511 Flori,
768 443 916 515 (Lucani),
941 444 1057 522 Appiani
1075 454 1103 500 ct
1120 444 1219 503 Dionis

109 528 227 611 singulis
249 530 353 583 notitiis
376 529 517 596 brevibus,
543 528 737 605 quodammodo
761 533 871 610 possint
893 532 1059 599 concinnari,
1082 540 1167 586 tamen
1192 534 1219 588 in

109 613 213 670 Nostro
234 613 288 671 iere
306 612 366 670 solo
385 613 456 672 huuc
474 617 502 670 in
521 614 627 671 modum
647 626 765 686 exstant,
787 638 818 672 ac
835 615 948 695 paucula
967 614 1096 692 quaedam
1114 616 1146 672 al.
1165 638 1219 675 non

109 699 190 757 obvia
209 698 391 778 suppeditant.

180 808 206 863 p.
218 788 292 841 art:
315 785 404 842 Minus
424 797 546 843 accurate
559 786 683 843 Coelium
701 797 728 842 et
739 786 864 844 Milonem
884 787 918 845 ad
930 787 1050 867 Capuam
1063 789 1168 845 occisos
1181 788 1219 847 di·

108 875 146 929 cit
165 872 295 938 Orosius,
315 892 396 947 quum
414 873 459 930 hic
477 873 511 929 ad
530 873 641 942 Cosam,
661 872 707 929 ille
725 873 760 928 ad
779 873 896 931 Thurios
915 875 1054 930 interierit.
1070 873 1130 941 ¹⁰⁵)

180 956 245 1013 ibid.
266 957 299 1013 de
317 958 408 1014 Bibuli
426 969 524 1016 morte:
548 980 610 1015 num
630 961 788 1015 conversio?
816 980 849 1016 an
868 981 921 1016 sec.
941 958 1019 1015 Caes.
1038 959 1064 1016 b.
1084 980 1106 1015 c.
1125 959 1170 1029 lll,
1185 964 1218 1016 15

107 1047 197 1108 —lu
218 1043 391 1121 explicanda?
417 1045 471 1101 lam
490 1065 557 1120 quae
575 1045 609 1101 de
627 1045 736 1102 oraculo
754 1044 883 1120 Pythice,
901 1044 980 1120 longe
998 1054 1060 1101 aute
1079 1045 1216 1103 Christum

107 1139 200 1186 natum
220 1129 353 1198 obsoleto,
371 1134 488 1187 annectit
504 1130 629 1200 Orosius,
648 1131 785 1188 aLucano
798 1131 832 1199 V,
847 1133 1001 1187 lto-236.
1021 1130 1153 1209 impulsus
1166 1131 1218 1190 lor·

106 1224 183 1271 tasse
201 1224 257 1283 est,
275 1225 305 1271 ut
325 1238 355 1272 ea
373 1218 517 1284 scriberet,
536 1216 649 1274 forsitan
667 1240 683 1273 a
700 1216 758 1273 Liv.
778 1220 852 1294 ipso,
871 1219 899 1272 in
917 1237 970 1294 quo
989 1226 1016 1273 et
1034 1217 1144 1275 affuisse
1160 1240 1217 1276 reru

106 1303 194 1378 ipsam
214 1311 241 1356 et
257 1300 352 1358 lectam
370 1303 454 1360 luisse
472 1326 487 1359 a
505 1303 606 1360 Nostro
625 1325 689 1360 sane
708 1303 887 1361 credibile...

178 1406 204 1463 p.
215 1388 287 1443 arsa
311 1388 342 1444 ln
361 1409 390 1445 re
408 1409 468 1445 cum
487 1389 604 1446 Caesare
621 1400 709 1464 gesta,
729 1388 860 1465 Torquati
878 1409 974 1445 nomen
993 1391 1020 1445 in
1039 1388 1141 1446 Nostro
1161 1390 1216 1447 lere

106 1471 166 1528 solo
185 1482 280 1530 exstat.
311 1475 414 1550 singula
434 1475 467 1531 ab
486 1474 546 1532 aliis
565 1476 700 1546 (Caesare
719 1485 746 1531 et
764 1475 835 1531 hunc
853 1475 1006 1552 ubicunque
1020 1485 1149 1551 sequente
1162 1475 1216 1552 Ap·

105 1559 205 1636 piano)
224 1557 352 1615 differunt
371 1560 574 1636 quodammodo.

176 1665 204 1722 p.
217 1648 293 1700 ctu:
315 1642 419 1702 Pariter
437 1668 491 1703 nou
509 1649 563 1704 nisi
580 1668 622 1724 ap.
636 1647 717 1705 Oros.
735 1667 862 1704 numerus
881 1647 1066 1702 centurionum
1078 1645 1216 1723 Pompeia·

105 1749 164 1787 nor.
182 1732 211 1786 io
234 1751 321 1807 pugna
343 1731 494 1790 Pharsalica
518 1753 621 1790 caesor.
640 1766 674 1774 —
695 1737 760 1791 item
782 1733 816 1790 de
839 1732 926 1789 classe
944 1730 1105 1809 Pompeiana
1128 1730 1215 1788 dire·

105 1826 160 1894 pta
184 1826 212 1872 et
234 1819 262 1872 in
283 1839 312 1874 ea
331 1819 365 1875 de
383 1818 512 1897 Pompeio
530 1818 677 1895 Bithynico
696 1819 756 1889 ¹⁰⁶)
774 1822 879 1887 occiso,
902 1818 966 1874 alibi
984 1838 1027 1873 me
1044 1816 1109 1893 quid
1126 1815 1214 1892 legere

105 1922 160 1958 non
178 1923 294 1959 memrm.

175 2010 202 2067 p.
212 1991 286 2045 421„
307 1990 350 2046 De
367 1990 528 2047 molitionib.
545 1998 624 2048 tutor.
639 1990 818 2047 Alexandriae
836 2011 905 2047 nova
925 1988 1062 2066 quaedam,
1081 2009 1131 2045 nec
1149 1990 1215 2046 veri·

105 2073 247 2130 dissimilia
266 2076 360 2133 efferre
378 2077 485 2134 videtur
504 2078 585 2134 Oros.

147 2199 148 2203 =
175 2161 240 2218 ibid.
261 2161 294 2217 de
311 2163 436 2219 incendio
455 2163 842 2220 bibliothecaeAlexandrinae
861 2162 893 2218 cl.
914 2161 1009 2219 Senec.
1026 2160 1060 2217 de
1077 2161 1212 2237 tranquill.

105 2249 184 2302 anim.
204 2250 238 2316 9.,
261 2248 307 2304 ubi
325 2251 353 2304 in
372 2251 466 2305 notitia
486 2270 501 2306 e
518 2249 577 2308 Liv.
597 2260 702 2328 sumpta
720 2249 924 2307 similitudinem
943 2267 1002 2304 cum
1020 2245 1115 2304 Nostri
1133 2247 1213 2305 dictis

104 2336 148 2390 vix
167 2354 265 2409 negare
283 2336 381 2412 possis.

173 2441 201 2496 p.
211 2424 285 2476 422:
307 2420 429 2478 ultimum
447 2421 572 2478 Caesaris
591 2420 625 2476 ad
643 2420 759 2477 Pharum
777 2431 919 2477 certamen.
946 2417 1061 2476 Recedit
1079 2418 1161 2476 Oros.
1180 2419 1212 2474 ab

102 2505 193 2562 Hirtio
216 2514 244 2560 et
262 2505 341 2562 Cass.
359 2506 449 2563 Dione
474 2510 588 2577 (caeteri
612 2509 682 2562 enim
707 2505 878 2575 breviores),
902 2504 1048 2560 secundum
1071 2525 1139 2580 quos
1158 2525 1212 2561 non

102 2591 239 2658 Achillas,
261 2612 311 2669 per
328 2592 463 2649 Arsinoen
480 2596 532 2648 iam
550 2592 722 2661 interiectus,
745 2591 795 2648 sed
813 2589 984 2664 Ganymedes
1003 2600 1096 2646 contra
1115 2590 1213 2647 Caesa-

102 2699 159 2734 rem
178 2679 262 2733 stetit.
294 2677 334 2733 lbi
353 2680 432 2734 etiam
450 2678 571 2758 Pompeii
589 2698 766 2756 percussores
785 2697 846 2734 esse
863 2674 1019 2732 interlectos
1036 2697 1084 2752 ap.
1103 2673 1128 2731 N
1134 2684 1210 2732 ostt.

102 2763 217 2820 solum.

173 2849 351 2906 Differentias
374 2871 506 2908 numeror.
525 2851 604 2919 alias,
627 2860 657 2908 ut
679 2872 705 2928 p.
716 2852 777 2906 415.
796 2848 813 2905 l.
827 2851 867 2904 15.
887 2857 970 2914 tres,
993 2845 1040 2902 ubi
1061 2868 1075 2901 a
1095 2844 1212 2902 Caesare

102 2937 219 3013 aliisque
237 2934 316 3012 longe
334 2939 451 2993 minores
470 2937 616 2994 afferuntur
632 2938 748 3005 numeri,
769 2956 794 3013 p.
805 2938 866 2991 trs.
886 2934 920 2990 de
937 2931 1105 3009 longitudine
1123 2932 1212 2988 fossae

101 3014 281 3081 Caesarianae
299 3022 332 3078 ad
345 3022 551 3097 Dyrrhachium,
570 3023 616 3079 inl.
629 3021 686 3079 ead.
700 3042 758 3100 pag.
776 3023 887 3077 maxime
906 3019 1090 3097 discrepantes
1109 3037 1210 3074 caesor.

101 3129 244 3176 numeros,
261 3107 312 3164 alia
331 3108 433 3178 omisi]

172 3195 221 3265 Vl,
235 3198 274 3251 16.
294 3217 319 3272 p.
330 3198 488 3251 sus-425.
505 3226 537 3236 -
556 3215 583 3270 p.
596 3196 669 3250 Abit:
688 3195 776 3249 exitus
794 3190 860 3246 belli
877 3188 1061 3247 Alexandrini.
1090 3188 1141 3259 [al.
1157 3209 1211 3246 non

100 3281 261 3341 invenienda
288 3280 333 3336 bie
359 3280 456 3336 habes:
483 3300 608 3336 numeros
633 3299 749 3346 caesor,
778 3275 893 3334 deditos.
917 3285 945 3331 et
966 3277 1072 3331 navium
1096 3274 1209 3331 deditar.

99 3379 198 3449 postea
217 3367 274 3424 ead.
286 3388 344 3445 pag.
359 3368 432 3438 ¹⁰⁷):
452 3366 594 3423 Caesarem
613 3368 683 3440 regis
702 3365 784 3421 occisi
803 3361 913 3418 loricam
930 3361 1118 3418 Alexandriam
1137 3381 1212 3437 prae·

100 3454 299 3523 misisse...]
326 3462 464 3532 praeterea
487 3455 514 3508 in
537 3453 580 3508 his
604 3455 683 3507 etiam
705 3449 764 3506 Liv.
784 3448 869 3504 CXll.
892 3458 1001 3504 secutus
1024 3457 1066 3503 est
1085 3447 1209 3503 Orosius.

101 3542 206 3599 Caesar
217 3540 379 3597 Pharnacem
392 3541 489 3605 vincit;
507 3538 607 3595 Romae
622 3558 694 3593 cous.
709 3545 815 3592 creatur
827 3545 854 3590 et
867 3534 995 3599 dictator;
1014 3531 1099 3588 eLiv.
1112 3531 1210 3589 CXlIl.

101 3660 135 3671 -
155 3648 198 3704 ap.
213 3626 350 3705 Thapsum
369 3625 459 3682 lubam
480 3625 688 3701 Scipionemque
706 3632 829 3700 superata
855 3618 923 3690 [LX
942 3617 1076 3696 elephanti
1094 3620 1164 3694 capti
1183 3619 1210 3672 in

103 3737 307 3747 ...-..-—.--

177 3809 245 3879 105)
263 3808 343 3865 Falso
362 3809 441 3865 etiam
459 3806 525 3862 haec
543 3825 592 3882 per
604 3804 793 3878 flieronymum
813 3801 957 3858 cCaesare
968 3800 1070 3878 petisse
1082 3797 1211 3857 Nostrum

101 3894 226 3970 Scaliger
243 3897 341 3951 asserit
357 3893 487 3950 animadv.
506 3891 605 3947 Euseb.
624 3912 650 3969 p.
663 3895 721 3946 157.

177 3983 246 4052 los)
265 3980 308 4037 Cf.
327 3990 414 4036 antem
433 4000 474 4056 ep.
487 3976 544 4032 Liv.
559 3975 689 4044 CXXIll,
708 3975 754 4030 nbi
773 3974 857 4030 multo
875 3982 948 4051 post,
967 3981 993 4028 et
1007 3970 1058 4027 alia
1070 3973 1211 4027 occasione

102 4070 137 4126 A.
157 4066 301 4144 Pompeios
319 4066 480 4140 Bithynicus
499 4065 605 4120 occisus
623 4061 728 4137 legitur.

176 4154 245 4224 107)
264 4154 352 4210 Etiam
370 4151 415 4208 hic
433 4150 552 4226 Scaliger
571 4148 588 4205 l.
602 4148 619 4204 l.
638 4169 664 4226 p.
676 4151 735 4204 157.
755 4146 883 4202 Orosium
902 4165 951 4201 sua
969 4165 1001 4200 ex
1014 4144 1144 4220 Eutropio
1163 4163 1211 4219 per

102 4240 297 4315 Hieronymum
315 4239 463 4316 sumpsisse
483 4235 567 4294 lalso
587 4234 659 4291 dicit.
