2640 4764
1171 140 1182 177 Ι

699 188 741 254 52

165 369 405 446 discrimeu,·ut
427 366 611 433 Christiana
634 369 741 430 omnia
765 376 796 430 et
819 363 954 451 paucula
977 365 1038 429 alia
1063 386 1100 429 ex
1123 364 1273 445 Eusebio,

140 519 144 523 -
165 473 299 560 profana
322 493 359 536 ex
382 471 560 552 (Suetonio
578 474 630 551 et)
652 472 811 556 Eutropio
828 472 995 557 sumpserit
1010 469 1159 535 Orosius.
1196 469 1275 536 Cae-

167 581 240 656 teri,
270 596 349 662 quos
373 577 484 640 Nostri
506 575 613 640 fontes
636 577 697 638 iam
720 575 872 651 indicavi,
903 576 1043 659 exceptis
1066 573 1205 638 fortasse
1228 597 1276 640 ae-

132 762 136 769 ,
166 683 312 768 nigmatis
340 679 536 744 Herodoteis
566 688 702 757 tantum,
732 699 843 742 omnes
872 676 970 742 ierme
999 681 1099 765 magis
1127 682 1213 742 iuxta
1243 701 1276 743 se

166 786 273 871 positi,
295 787 339 848 ita
362 793 397 848 ut
419 784 514 849 facilc
537 785 699 872 segregari
720 785 852 868 possint,
875 805 968 868 quam
991 782 1051 846 sibi
1073 785 1205 848 immixti
1229 805 1276 847 ex-

167 896 260 953 stant.
304 889 343 952 In
365 890 548 953 universum
571 900 691 964 autem,
715 907 882 972 quousque
905 889 1012 972 operis
1034 890 1117 950 ratio
1141 908 1211 951 non
1233 890 1276 951 in-

167 993 359 1070 tercesserit,
390 1003 444 1056 aut
467 1015 544 1078 quas
567 995 734 1079 superiore
758 995 861 1076 capite
885 994 1031 1077 exposui,
1060 1012 1175 1055 causae
1199 990 1276 1055 aliae

169 1118 239 1160 eum
267 1117 335 1159 non
364 1099 552 1176 averterint,
588 1096 799 1183 pedissequus
828 1094 963 1160 fontium
992 1117 1121 1159 suorum
1151 1094 1277 1160 videtur

170 1200 318 1265 Orosius·
337 1236 377 1248 —
401 1199 495 1283 Quae
518 1224 613 1286 quum
636 1204 681 1264 ita
705 1202 776 1277 sint,
798 1208 897 1263 artem
920 1221 996 1264 vere
1014 1202 1153 1263 criticam
1177 1201 1277 1264 aNo·

169 1313 237 1369 stro
266 1306 433 1367 exercitam
459 1326 529 1368 esse
551 1307 602 1367 vix
625 1308 696 1390 quis
719 1302 905 1380 contendat;
935 1326 1007 1368 nam
1029 1307 1138 1390 potius
1162 1303 1219 1368 uhi
1242 1326 1276 1368 ea

170 1429 252 1494 opus
281 1408 406 1485 fuisset,
435 1409 462 1470 si
492 1407 621 1493 quando
651 1430 669 1471 a
697 1430 786 1473 more
810 1408 907 1472 solito
931 1407 1111 1472 discederet
1132 1407 1277 1493 duosque

169 1520 291 1576 tantum
313 1532 391 1574 vere
413 1511 474 1576 sibi
498 1510 668 1577 conciliare
691 1511 849 1590 studeret,
877 1513 1073 1590 abstrusum,
1104 1511 1278 1577 confusum,

171 1720 215 1782 cis
239 1716 307 1781 aliis
330 1721 461 1804 insuper
482 1720 741 1805 reprehensionis
764 1724 866 1784 causis
889 1719 1145 1806 suppetentibus.
1192 1720 1279 1784 Atta-

170 1843 243 1885 men
265 1831 364 1886 artem
388 1826 524 1887 criticam
547 1826 704 1908 sapientia
727 1833 850 1888 exstant
870 1822 1044 1902 nonnulla,
1070 1827 1206 1909 primum
1230 1827 1279 1888 tri-

171 1925 231 1991 hus
259 1930 294 1991 in
321 1926 404 1991 locis
431 1925 506 1991 libri
532 1930 623 2014 primi
648 1929 904 2008 (1‚5.e.1o.)‚
936 1937 967 1992 et
992 1929 1026 1991 iu
1048 1927 1178 2012 reliquis
1201 1950 1279 1994 non-

170 2052 354 2115 numquam,
377 2040 531 2116 quatenus
553 2035 712 2097 minorum
736 2032 871 2096 fontium
895 2052 1019 2096 errores
1043 2030 1162 2095 auxilio
1184 2035 1279 2096 maio

171 2157 239 2198 rum
263 2138 368 2213 evitet,
390 2155 457 2199 uno
480 2156 557 2199 sane
580 2138 614 2199 in
636 2136 711 2200 loco
734 2136 857 2200 fontem
881 2133 1049 2200 emendare
1070 2134 1157 2200 velle
1174 2135 1279 2201 videa·

171 2247 223 2303 tur
246 2239 336 2317 (VII,
351 2241 426 2319 11.),
450 2238 527 2303 alias
550 2242 585 2303 in
603 2239 761 2304 fallaciam
777 2241 965 2324 scriptorum
981 2238 1148 2304 invehatur
1172 2242 1278 2325 (impr.

171 2342 227 2419 lv,
243 2343 295 2405 20.
319 2366 351 2428 p.
364 2343 475 2423 2711),
506 2343 658 2429 denique,
688 2347 715 2408 si
737 2347 798 2422 vic,
828 2363 879 2406 res
902 2352 1007 2429 gestas
1031 2354 1063 2407 et
1084 2344 1148 2407 sibi
1171 2354 1204 2409 et
1226 2344 1280 2407 fini

173 2450 281 2533 operis
303 2445 444 2533 adaptet.
481 2449 571 2512 Haec
593 2447 719 2534 quidem
741 2449 902 2512 maximam
923 2457 1045 2532 partem
1069 2446 1202 2512 fortuita
1221 2471 1280 2511 ma-

172 2553 222 2637 gis
246 2560 278 2615 et
300 2550 471 2629 arbitraria,
494 2551 633 2638 ideoque
656 2555 770 2638 partim
795 2555 887 2617 etiam
904 2550 1096 2638 castiganda,
1120 2574 1216 2639 quam
1231 2574 1280 2617 ve·

172 2656 273 2718 ritatis
296 2654 402 2720 studio
425 2664 562 2742 recepta.

260 2760 326 2823 Iam
354 2781 434 2824 vero
463 2769 535 2825 utut
559 2782 630 2825 sese
654 2763 814 2848 excipiunt
842 2770 875 2825 et
897 2762 930 2824 in
952 2759 1104 2825 librorum
1129 2769 1281 2827 contextu

174 2874 345 2927 occurrunt
367 2865 540 2949 scriptores
556 2866 668 2928 Nostri
691 2866 806 2942 fontes,
828 2886 891 2928 nna
914 2886 983 2927 cum
1007 2875 1157 2929 accurato
1177 2865 1280 2930 indice

173 2987 278 3030 rerum
302 2987 340 3029 ex
361 2964 472 3030 iisdem
494 2971 670 3052 petitarum,
695 2979 774 3053 quot
797 2975 996 3054 quantaeque
1019 2972 1082 3032 sint
1103 2991 1163 3054 per
1180 2979 1281 3035 totum

174 3089 270 3155 opus,
298 3068 354 3133 nbi
376 3073 593 3150 inveniantur,
624 3093 716 3157 quem
743 3075 775 3135 in
798 3071 928 3136 modum
951 3074 1018 3136 sive
1042 3076 1192 3138 conscius
1216 3078 1281 3139 sive

172 3176 291 3238 inscius
312 3177 351 3238 iis
374 3174 528 3255 abutatur,
552 3175 686 3261 aliisque
701 3175 851 3240 notandis
868 3179 995 3255 notatis,
1019 3175 1132 3240 ordine
1149 3200 1280 3265 sequan-

173 3289 238 3354 tur;
262 3277 369 3342 addita
392 3288 467 3364 post
489 3278 598 3344 tabula
620 3278 773 3345 librorum
794 3291 825 3345 et
841 3284 977 3367 capitum
993 3283 1135 3367 copiosa,
1160 3305 1198 3346 ex
1215 3305 1280 3369 qua,

173 3401 340 3466 quousque
363 3379 444 3445 alios
467 3391 594 3447 secutus
619 3393 679 3461 est,
709 3388 847 3470 perspici
870 3388 986 3471 possit,
1015 3387 1280 3472 quemadmodum

174 3487 390 3572 composuerit
413 3496 445 3549 et
468 3487 643 3550 confecerit
664 3487 802 3554 Orosius
826 3490 974 3555 historias
998 3512 1080 3556 suas.

529 3677 554 3747 §.
573 3680 597 3733 l.
637 3676 925 3736 AVGVSTINVS.

260 3794 413 3878 Quamvis
441 3799 674 3884 propemodum
702 3800 837 3865 divinari
858 3805 1029 3887 potuisset,
1059 3805 1278 3892 Augustinum,

174 3895 287 3962 Orosii
322 3911 579 3986 praeceptorem,
618 3905 771 3970 Orosiani
805 3909 911 3992 operis
944 3911 1075 3994 proprie
1110 3919 1278 3987 auctorem,

173 4002 339 4088 ipsumque
372 4002 481 4070 similis
515 4010 621 4094 operis
655 4008 916 4096 celeberrimique
948 4015 1153 4099 scriptorem,
1193 4017 1277 4080 cuius

243 4215 278 4285 9)
301 4215 343 4275 Cf.
362 4238 430 4297 quae
448 4220 591 4292 ad11,19.
615 4222 662 4294 IV,
678 4226 718 4282 14.
743 4223 788 4283 vi.
801 4228 845 4283 nl.
864 4225 897 4283 al.
916 4228 1109 4286 unnohvimus.
