<?xml version="1.0" encoding="UTF-8"?>
<!DOCTYPE html PUBLIC "-//W3C//DTD XHTML 1.0 Transitional//EN"
    "http://www.w3.org/TR/xhtml1/DTD/xhtml1-transitional.dtd">
<html xmlns="http://www.w3.org/1999/xhtml" xml:lang="en" lang="en">
 <head>
  <title>
</title>
<meta http-equiv="Content-Type" content="text/html;charset=utf-8" />
  <meta name='ocr-system' content='tesseract 3.04.00' />
  <meta name='ocr-capabilities' content='ocr_page ocr_carea ocr_par ocr_line ocrx_word'/>
</head>
<body>
  <div class='ocr_page' id='page_1' title='image "./deorosiivitaeiu00mrgoog_0059.png"; bbox 0 0 2640 4764; ppageno 0'>
   <div class='ocr_carea' id='block_1_1' title="bbox 641 168 685 235">
    <p class='ocr_par' dir='ltr' id='par_1_1' title="bbox 641 168 685 235">
     <span class='ocr_line' id='line_1_1' title="bbox 641 168 685 235; baseline 0 0"><span class='ocrx_word' id='word_1_1' title='bbox 641 168 685 235; x_wconf 81' lang='grc'><strong>46</strong></span> 
     </span>
    </p>
   </div>
   <div class='ocr_carea' id='block_1_2' title="bbox 105 347 1218 2408">
    <p class='ocr_par' dir='ltr' id='par_1_2' title="bbox 105 347 1218 2408">
     <span class='ocr_line' id='line_1_2' title="bbox 197 347 1218 437; baseline 0.003 -25"><span class='ocrx_word' id='word_1_2' title='bbox 197 347 296 425; x_wconf 90' lang='lat' dir='ltr'><strong>Deus,</strong></span> <span class='ocrx_word' id='word_1_3' title='bbox 308 347 351 427; x_wconf 79' lang='lat'><strong>⁰⁴)</strong></span> <span class='ocrx_word' id='word_1_4' title='bbox 372 347 475 432; x_wconf 89' lang='lat' dir='ltr'><strong>inquit</strong></span> <span class='ocrx_word' id='word_1_5' title='bbox 490 347 635 425; x_wconf 81' lang='lat' dir='ltr'><strong>Orosius,</strong></span> <span class='ocrx_word' id='word_1_6' title='bbox 657 347 779 426; x_wconf 87' lang='lat' dir='ltr'><strong>unicus,</strong></span> <span class='ocrx_word' id='word_1_7' title='bbox 795 368 898 427; x_wconf 88' lang='lat' dir='ltr'><strong>verus,</strong></span> <span class='ocrx_word' id='word_1_8' title='bbox 914 369 1007 433; x_wconf 89' lang='lat' dir='ltr'><strong>quem</strong></span> <span class='ocrx_word' id='word_1_9' title='bbox 1022 368 1135 413; x_wconf 92' lang='lat' dir='ltr'><strong>omnes</strong></span> <span class='ocrx_word' id='word_1_10' title='bbox 1150 355 1218 437; x_wconf 90' lang='lat' dir='ltr'><strong>qui-</strong></span> 
     </span>
     <span class='ocr_line' id='line_1_3' title="bbox 109 449 1216 541; baseline 0.004 -26"><span class='ocrx_word' id='word_1_11' title='bbox 109 449 183 516; x_wconf 89' lang='lat' dir='ltr'><strong>dem</strong></span> <span class='ocrx_word' id='word_1_12' title='bbox 204 453 354 526; x_wconf 83' lang='lat' dir='ltr'><strong>sentiunt,</strong></span> <span class='ocrx_word' id='word_1_13' title='bbox 376 461 409 514; x_wconf 90' lang='lat' dir='ltr'><strong>at</strong></span> <span class='ocrx_word' id='word_1_14' title='bbox 430 455 524 536; x_wconf 90' lang='lat' dir='ltr'><strong>pauci</strong></span> <span class='ocrx_word' id='word_1_15' title='bbox 547 460 667 516; x_wconf 91' lang='lat' dir='ltr'><strong>tantum</strong></span> <span class='ocrx_word' id='word_1_16' title='bbox 689 473 751 516; x_wconf 90' lang='lat' dir='ltr'><strong>nec</strong></span> <span class='ocrx_word' id='word_1_17' title='bbox 764 454 826 515; x_wconf 93' lang='lat' dir='ltr'><strong>nisi</strong></span> <span class='ocrx_word' id='word_1_18' title='bbox 840 473 898 537; x_wconf 88' lang='lat' dir='ltr'><strong>per</strong></span> <span class='ocrx_word' id='word_1_19' title='bbox 912 451 1008 516; x_wconf 90' lang='lat' dir='ltr'><strong>fidem</strong></span> <span class='ocrx_word' id='word_1_20' title='bbox 1023 453 1216 541; x_wconf 84' lang='lat' dir='ltr'><strong>intelligunt,</strong></span> 
     </span>
     <span class='ocr_line' id='line_1_4' title="bbox 109 554 1216 644; baseline 0.004 -25"><span class='ocrx_word' id='word_1_21' title='bbox 109 555 151 621; x_wconf 91' lang='lat' dir='ltr'><strong>ah</strong></span> <span class='ocrx_word' id='word_1_22' title='bbox 173 559 264 621; x_wconf 91' lang='lat' dir='ltr'><strong>initio</strong></span> <span class='ocrx_word' id='word_1_23' title='bbox 287 558 449 640; x_wconf 90' lang='lat' dir='ltr'><strong>peccantis</strong></span> <span class='ocrx_word' id='word_1_24' title='bbox 471 556 608 620; x_wconf 88' lang='lat' dir='ltr'><strong>hominis</strong></span> <span class='ocrx_word' id='word_1_25' title='bbox 630 578 731 642; x_wconf 92' lang='lat' dir='ltr'><strong>usque</strong></span> <span class='ocrx_word' id='word_1_26' title='bbox 754 554 795 619; x_wconf 90' lang='lat' dir='ltr'><strong>ad</strong></span> <span class='ocrx_word' id='word_1_27' title='bbox 816 559 989 621; x_wconf 90' lang='lat' dir='ltr'><strong>novissima</strong></span> <span class='ocrx_word' id='word_1_28' title='bbox 1004 566 1150 644; x_wconf 89' lang='lat' dir='ltr'><strong>tempora</strong></span> <span class='ocrx_word' id='word_1_29' title='bbox 1166 581 1216 623; x_wconf 91' lang='lat' dir='ltr'><strong>or-</strong></span> 
     </span>
     <span class='ocr_line' id='line_1_5' title="bbox 108 658 1217 748; baseline 0.003 -24"><span class='ocrx_word' id='word_1_30' title='bbox 108 658 231 724; x_wconf 88' lang='lat' dir='ltr'><strong>dinavit</strong></span> <span class='ocrx_word' id='word_1_31' title='bbox 253 662 360 723; x_wconf 90' lang='lat' dir='ltr'><strong>omnia</strong></span> <span class='ocrx_word' id='word_1_32' title='bbox 382 669 415 723; x_wconf 91' lang='lat' dir='ltr'><strong>et</strong></span> <span class='ocrx_word' id='word_1_33' title='bbox 437 658 594 745; x_wconf 87' lang='lat' dir='ltr'><strong>disposuit</strong></span> <span class='ocrx_word' id='word_1_34' title='bbox 614 663 648 725; x_wconf 90' lang='lat' dir='ltr'><strong>in</strong></span> <span class='ocrx_word' id='word_1_35' title='bbox 670 658 804 748; x_wconf 83' lang='lat' dir='ltr'>gloriam</span> <span class='ocrx_word' id='word_1_36' title='bbox 820 659 941 725; x_wconf 88' lang='lat' dir='ltr'><strong>Christi</strong></span> <span class='ocrx_word' id='word_1_37' title='bbox 962 661 1021 725; x_wconf 91' lang='lat' dir='ltr'><strong>filii</strong></span> <span class='ocrx_word' id='word_1_38' title='bbox 1044 673 1077 726; x_wconf 94' lang='lat' dir='ltr'><strong>et</strong></span> <span class='ocrx_word' id='word_1_39' title='bbox 1095 663 1217 727; x_wconf 88' lang='lat' dir='ltr'><strong>redem-</strong></span> 
     </span>
     <span class='ocr_line' id='line_1_6' title="bbox 108 763 1216 852; baseline 0.002 -24"><span class='ocrx_word' id='word_1_40' title='bbox 108 767 252 852; x_wconf 91' lang='lat' dir='ltr'><strong>ptionem</strong></span> <span class='ocrx_word' id='word_1_41' title='bbox 274 765 445 829; x_wconf 89' lang='lat' dir='ltr'><strong>hominum.</strong></span> <span class='ocrx_word' id='word_1_42' title='bbox 484 765 588 848; x_wconf 82' lang='lat' dir='ltr'><strong>Quem</strong></span> <span class='ocrx_word' id='word_1_43' title='bbox 611 768 645 829; x_wconf 93' lang='lat' dir='ltr'><strong>in</strong></span> <span class='ocrx_word' id='word_1_44' title='bbox 664 763 761 828; x_wconf 88' lang='lat' dir='ltr'><strong>finem</strong></span> <span class='ocrx_word' id='word_1_45' title='bbox 777 776 912 850; x_wconf 88' lang='lat' dir='ltr'><strong>quatuor</strong></span> <span class='ocrx_word' id='word_1_46' title='bbox 927 768 1091 830; x_wconf 92' lang='lat' dir='ltr'><strong>constituit</strong></span> <span class='ocrx_word' id='word_1_47' title='bbox 1105 767 1216 830; x_wconf 92' lang='lat' dir='ltr'><strong>mundi</strong></span> 
     </span>
     <span class='ocr_line' id='line_1_7' title="bbox 108 867 1215 956; baseline 0.001 -23"><span class='ocrx_word' id='word_1_48' title='bbox 108 868 374 947; x_wconf 76' lang='lat' dir='ltr'><strong>monarchias,³⁵)</strong></span> <span class='ocrx_word' id='word_1_49' title='bbox 403 867 577 932; x_wconf 82' lang='lat' dir='ltr'><strong>secundum</strong></span> <span class='ocrx_word' id='word_1_50' title='bbox 607 879 744 952; x_wconf 89' lang='lat' dir='ltr'><strong>quatuor</strong></span> <span class='ocrx_word' id='word_1_51' title='bbox 771 867 855 932; x_wconf 86' lang='lat' dir='ltr'><strong>coeli</strong></span> <span class='ocrx_word' id='word_1_52' title='bbox 877 868 1005 956; x_wconf 83' lang='lat' dir='ltr'><strong>plagas,</strong></span> <span class='ocrx_word' id='word_1_53' title='bbox 1033 872 1066 933; x_wconf 91' lang='lat' dir='ltr'><strong>in</strong></span> <span class='ocrx_word' id='word_1_54' title='bbox 1090 872 1215 934; x_wconf 88' lang='lat' dir='ltr'><strong>oriente</strong></span> 
     </span>
     <span class='ocr_line' id='line_1_8' title="bbox 107 970 1216 1061; baseline 0.003 -25"><span class='ocrx_word' id='word_1_55' title='bbox 107 971 325 1058; x_wconf 80' lang='lat' dir='ltr'><strong>Babylonem,</strong></span> <span class='ocrx_word' id='word_1_56' title='bbox 354 973 488 1036; x_wconf 84' lang='lat' dir='ltr'>Romam</span> <span class='ocrx_word' id='word_1_57' title='bbox 511 975 544 1036; x_wconf 91' lang='lat' dir='ltr'><strong>in</strong></span> <span class='ocrx_word' id='word_1_58' title='bbox 567 971 749 1050; x_wconf 90' lang='lat' dir='ltr'><strong>occidente,</strong></span> <span class='ocrx_word' id='word_1_59' title='bbox 779 970 893 1036; x_wconf 91' lang='lat' dir='ltr'><strong>eodem</strong></span> <span class='ocrx_word' id='word_1_60' title='bbox 915 983 1061 1058; x_wconf 88' lang='lat' dir='ltr'><strong>tempore</strong></span> <span class='ocrx_word' id='word_1_61' title='bbox 1084 997 1216 1061; x_wconf 80' lang='lat' dir='ltr'><strong>surgen-</strong></span> 
     </span>
     <span class='ocr_line' id='line_1_9' title="bbox 108 1074 1215 1153; baseline 0 -12"><span class='ocrx_word' id='word_1_62' title='bbox 108 1087 171 1142; x_wconf 89' lang='lat' dir='ltr'><strong>tem</strong></span> <span class='ocrx_word' id='word_1_63' title='bbox 201 1078 282 1141; x_wconf 90' lang='lat' dir='ltr'><strong>hanc</strong></span> <span class='ocrx_word' id='word_1_64' title='bbox 311 1087 343 1141; x_wconf 89' lang='lat' dir='ltr'><strong>et</strong></span> <span class='ocrx_word' id='word_1_65' title='bbox 364 1074 531 1140; x_wconf 79' lang='lat' dir='ltr'>cadentem</span> <span class='ocrx_word' id='word_1_66' title='bbox 552 1074 652 1153; x_wconf 88' lang='lat' dir='ltr'><strong>illam,</strong></span> <span class='ocrx_word' id='word_1_67' title='bbox 681 1079 873 1140; x_wconf 84' lang='lat' dir='ltr'><strong>novissimae</strong></span> <span class='ocrx_word' id='word_1_68' title='bbox 895 1075 1102 1141; x_wconf 80' lang='lat' dir='ltr'><strong>hereditatem</strong></span> <span class='ocrx_word' id='word_1_69' title='bbox 1127 1100 1215 1142; x_wconf 88' lang='lat' dir='ltr'><strong>suam</strong></span> 
     </span>
     <span class='ocr_line' id='line_1_10' title="bbox 108 1179 1215 1268; baseline 0 -23"><span class='ocrx_word' id='word_1_70' title='bbox 108 1179 292 1257; x_wconf 75' lang='lat' dir='ltr'><strong>tradentem,</strong></span> <span class='ocrx_word' id='word_1_71' title='bbox 316 1189 348 1244; x_wconf 86' lang='lat' dir='ltr'><strong>et</strong></span> <span class='ocrx_word' id='word_1_72' title='bbox 370 1190 491 1244; x_wconf 90' lang='lat' dir='ltr'><strong>tutores</strong></span> <span class='ocrx_word' id='word_1_73' title='bbox 515 1182 604 1265; x_wconf 90' lang='lat' dir='ltr'><strong>quasi</strong></span> <span class='ocrx_word' id='word_1_74' title='bbox 627 1182 709 1243; x_wconf 90' lang='lat' dir='ltr'><strong>inter</strong></span> <span class='ocrx_word' id='word_1_75' title='bbox 733 1202 794 1258; x_wconf 85' lang='lat' dir='ltr'><strong>eas,</strong></span> <span class='ocrx_word' id='word_1_76' title='bbox 816 1180 1037 1245; x_wconf 85' lang='lat' dir='ltr'><strong>Macedoniarn</strong></span> <span class='ocrx_word' id='word_1_77' title='bbox 1055 1204 1072 1243; x_wconf 90' lang='lat' dir='ltr'><strong>a</strong></span> <span class='ocrx_word' id='word_1_78' title='bbox 1088 1192 1215 1268; x_wconf 90' lang='lat' dir='ltr'><strong>septen-</strong></span> 
     </span>
     <span class='ocr_line' id='line_1_11' title="bbox 107 1281 1215 1370; baseline -0.002 -20"><span class='ocrx_word' id='word_1_79' title='bbox 107 1287 214 1350; x_wconf 83' lang='lat' dir='ltr'><strong>trione</strong></span> <span class='ocrx_word' id='word_1_80' title='bbox 237 1295 269 1350; x_wconf 91' lang='lat' dir='ltr'><strong>et</strong></span> <span class='ocrx_word' id='word_1_81' title='bbox 289 1284 426 1348; x_wconf 81' lang='lat' dir='ltr'><strong>Africam</strong></span> <span class='ocrx_word' id='word_1_82' title='bbox 449 1281 716 1370; x_wconf 79' lang='lat' dir='ltr'><strong>(Carthaginem)</strong></span> <span class='ocrx_word' id='word_1_83' title='bbox 738 1307 756 1348; x_wconf 91' lang='lat' dir='ltr'><strong>a</strong></span> <span class='ocrx_word' id='word_1_84' title='bbox 778 1284 920 1348; x_wconf 88' lang='lat' dir='ltr'><strong>meridie.</strong></span> <span class='ocrx_word' id='word_1_85' title='bbox 931 1287 974 1365; x_wconf 70' lang='grc'><strong>86)</strong></span> <span class='ocrx_word' id='word_1_86' title='bbox 1017 1286 1074 1347; x_wconf 88' lang='lat' dir='ltr'><strong>Bis</strong></span> <span class='ocrx_word' id='word_1_87' title='bbox 1097 1289 1215 1370; x_wconf 89' lang='lat' dir='ltr'><strong>septin-</strong></span> 
     </span>
     <span class='ocr_line' id='line_1_12' title="bbox 107 1386 1215 1475; baseline 0.001 -22"><span class='ocrx_word' id='word_1_88' title='bbox 107 1397 223 1475; x_wconf 82' lang='lat' dir='ltr'><strong>gentos</strong></span> <span class='ocrx_word' id='word_1_89' title='bbox 247 1389 316 1453; x_wconf 84' lang='lat' dir='ltr'><strong>fere</strong></span> <span class='ocrx_word' id='word_1_90' title='bbox 337 1409 439 1453; x_wconf 90' lang='lat' dir='ltr'><strong>annos</strong></span> <span class='ocrx_word' id='word_1_91' title='bbox 454 1386 637 1472; x_wconf 82' lang='lat' dir='ltr'><strong>Babylonia</strong></span> <span class='ocrx_word' id='word_1_92' title='bbox 653 1391 747 1465; x_wconf 84' lang='lat' dir='ltr'><strong>stetit,</strong></span> <span class='ocrx_word' id='word_1_93' title='bbox 769 1390 969 1474; x_wconf 80' lang='lat' dir='ltr'><strong>imperitavit,</strong></span> <span class='ocrx_word' id='word_1_94' title='bbox 991 1392 1215 1475; x_wconf 80' lang='lat' dir='ltr'><strong>septingentos</strong></span> 
     </span>
     <span class='ocr_line' id='line_1_13' title="bbox 107 1490 1215 1579; baseline 0.001 -23"><span class='ocrx_word' id='word_1_95' title='bbox 107 1513 210 1557; x_wconf 91' lang='lat' dir='ltr'><strong>annos</strong></span> <span class='ocrx_word' id='word_1_96' title='bbox 232 1492 425 1558; x_wconf 89' lang='lat' dir='ltr'><strong>Macedonia</strong></span> <span class='ocrx_word' id='word_1_97' title='bbox 453 1490 578 1555; x_wconf 90' lang='lat' dir='ltr'><strong>duravit</strong></span> <span class='ocrx_word' id='word_1_98' title='bbox 600 1512 701 1576; x_wconf 89' lang='lat' dir='ltr'><strong>aeque</strong></span> <span class='ocrx_word' id='word_1_99' title='bbox 723 1513 762 1554; x_wconf 89' lang='lat' dir='ltr'><strong>ac</strong></span> <span class='ocrx_word' id='word_1_100' title='bbox 784 1491 962 1579; x_wconf 85' lang='lat' dir='ltr'><strong>Carthago,</strong></span> <span class='ocrx_word' id='word_1_101' title='bbox 992 1502 1094 1577; x_wconf 89' lang='lat' dir='ltr'><strong>atque.</strong></span> <span class='ocrx_word' id='word_1_102' title='bbox 1111 1495 1215 1557; x_wconf 85' lang='lat' dir='ltr'><strong>Roma</strong></span> 
     </span>
     <span class='ocr_line' id='line_1_14' title="bbox 107 1595 1216 1684; baseline 0.001 -23"><span class='ocrx_word' id='word_1_103' title='bbox 107 1599 391 1684; x_wconf 81' lang='lat' dir='ltr'><strong>septingentesimo</strong></span> <span class='ocrx_word' id='word_1_104' title='bbox 415 1617 500 1661; x_wconf 91' lang='lat' dir='ltr'><strong>anno</strong></span> <span class='ocrx_word' id='word_1_105' title='bbox 524 1595 610 1660; x_wconf 88' lang='lat' dir='ltr'><strong>urbis</strong></span> <span class='ocrx_word' id='word_1_106' title='bbox 633 1599 767 1660; x_wconf 81' lang='lat' dir='ltr'><strong>maximo</strong></span> <span class='ocrx_word' id='word_1_107' title='bbox 782 1595 933 1660; x_wconf 89' lang='lat' dir='ltr'><strong>incendio</strong></span> <span class='ocrx_word' id='word_1_108' title='bbox 956 1595 1143 1680; x_wconf 77' lang='lat' dir='ltr'><strong>„Paululum</strong></span> <span class='ocrx_word' id='word_1_109' title='bbox 1157 1620 1216 1662; x_wconf 91' lang='lat' dir='ltr'><strong>nu·</strong></span> 
     </span>
     <span class='ocr_line' id='line_1_15' title="bbox 106 1699 1215 1781; baseline 0.001 -17"><span class='ocrx_word' id='word_1_110' title='bbox 106 1703 185 1765; x_wconf 89' lang='lat' dir='ltr'><strong>meri</strong></span> <span class='ocrx_word' id='word_1_111' title='bbox 201 1702 292 1764; x_wconf 90' lang='lat' dir='ltr'><strong>huius</strong></span> <span class='ocrx_word' id='word_1_112' title='bbox 308 1703 465 1764; x_wconf 88' lang='lat' dir='ltr'><strong>occursu“</strong></span> <span class='ocrx_word' id='word_1_113' title='bbox 489 1699 623 1776; x_wconf 79' lang='lat' dir='ltr'><strong>oflensa,</strong></span> <span class='ocrx_word' id='word_1_114' title='bbox 633 1700 676 1778; x_wconf 67' lang='grc'><strong>87)</strong></span> <span class='ocrx_word' id='word_1_115' title='bbox 699 1699 839 1764; x_wconf 90' lang='lat' dir='ltr'><strong>sednon</strong></span> <span class='ocrx_word' id='word_1_116' title='bbox 855 1722 966 1764; x_wconf 85' lang='lat' dir='ltr'><strong>eversa</strong></span> <span class='ocrx_word' id='word_1_117' title='bbox 982 1709 1038 1764; x_wconf 85' lang='lat' dir='ltr'><strong>est</strong></span> <span class='ocrx_word' id='word_1_118' title='bbox 1050 1701 1093 1781; x_wconf 75' lang='grc'><strong>88)</strong></span> <span class='ocrx_word' id='word_1_119' title='bbox 1131 1702 1215 1766; x_wconf 89' lang='lat' dir='ltr'><strong>Nam</strong></span> 
     </span>
     <span class='ocr_line' id='line_1_16' title="bbox 108 1802 1216 1890; baseline 0 -22"><span class='ocrx_word' id='word_1_120' title='bbox 108 1825 184 1882; x_wconf 88' lang='lat' dir='ltr'><strong>eam,</strong></span> <span class='ocrx_word' id='word_1_121' title='bbox 207 1827 300 1888; x_wconf 92' lang='lat' dir='ltr'><strong>quam</strong></span> <span class='ocrx_word' id='word_1_122' title='bbox 321 1812 507 1888; x_wconf 91' lang='lat' dir='ltr'><strong>„assumpto</strong></span> <span class='ocrx_word' id='word_1_123' title='bbox 531 1805 723 1887; x_wconf 83' lang='lat' dir='ltr'><strong>pauperrimi</strong></span> <span class='ocrx_word' id='word_1_124' title='bbox 747 1809 1022 1890; x_wconf 90' lang='lat' dir='ltr'><strong>status.pastore“</strong></span> <span class='ocrx_word' id='word_1_125' title='bbox 1036 1805 1079 1884; x_wconf 75' lang='grc'><strong>39)</strong></span> <span class='ocrx_word' id='word_1_126' title='bbox 1103 1802 1216 1868; x_wconf 74' lang='lat' dir='ltr'><strong>lunda</strong></span> 
     </span>
     <span class='ocr_line' id='line_1_17' title="bbox 106 1906 1215 1995; baseline 0 -22"><span class='ocrx_word' id='word_1_127' title='bbox 106 1911 162 1986; x_wconf 87' lang='lat' dir='ltr'><strong>vit,</strong></span> <span class='ocrx_word' id='word_1_128' title='bbox 182 1907 267 1973; x_wconf 88' lang='lat' dir='ltr'><strong>idem</strong></span> <span class='ocrx_word' id='word_1_129' title='bbox 284 1908 374 1973; x_wconf 81' lang='lat' dir='ltr'><strong>lleus</strong></span> <span class='ocrx_word' id='word_1_130' title='bbox 397 1911 516 1984; x_wconf 91' lang='lat' dir='ltr'><strong>unicus,</strong></span> <span class='ocrx_word' id='word_1_131' title='bbox 538 1928 642 1983; x_wconf 78' lang='lat' dir='ltr'><strong>verne,</strong></span> <span class='ocrx_word' id='word_1_132' title='bbox 664 1928 768 1992; x_wconf 90' lang='lat' dir='ltr'><strong>neque</strong></span> <span class='ocrx_word' id='word_1_133' title='bbox 791 1906 834 1971; x_wconf 89' lang='lat' dir='ltr'><strong>dii</strong></span> <span class='ocrx_word' id='word_1_134' title='bbox 856 1929 1053 1995; x_wconf 83' lang='lat' dir='ltr'><strong>paganorum</strong></span> <span class='ocrx_word' id='word_1_135' title='bbox 1076 1908 1215 1993; x_wconf 88' lang='lat' dir='ltr'><strong>plurimi,</strong></span> 
     </span>
     <span class='ocr_line' id='line_1_18' title="bbox 106 2009 1215 2098; baseline 0.001 -22"><span class='ocrx_word' id='word_1_136' title='bbox 106 2033 166 2098; x_wconf 89' lang='lat' dir='ltr'><strong>per</strong></span> <span class='ocrx_word' id='word_1_137' title='bbox 186 2016 292 2077; x_wconf 88' lang='lat' dir='ltr'><strong>varios</strong></span> <span class='ocrx_word' id='word_1_138' title='bbox 316 2032 407 2076; x_wconf 86' lang='lat' dir='ltr'><strong>casus</strong></span> <span class='ocrx_word' id='word_1_139' title='bbox 431 2023 463 2077; x_wconf 90' lang='lat' dir='ltr'><strong>et</strong></span> <span class='ocrx_word' id='word_1_140' title='bbox 485 2009 665 2075; x_wconf 87' lang='lat' dir='ltr'><strong>discrimina</strong></span> <span class='ocrx_word' id='word_1_141' title='bbox 686 2033 791 2076; x_wconf 90' lang='lat' dir='ltr'><strong>rernm</strong></span> <span class='ocrx_word' id='word_1_142' title='bbox 814 2014 951 2075; x_wconf 88' lang='lat' dir='ltr'><strong>servavit</strong></span> <span class='ocrx_word' id='word_1_143' title='bbox 974 2022 1006 2076; x_wconf 92' lang='lat' dir='ltr'><strong>et</strong></span> <span class='ocrx_word' id='word_1_144' title='bbox 1028 2011 1069 2075; x_wconf 90' lang='lat' dir='ltr'><strong>ad</strong></span> <span class='ocrx_word' id='word_1_145' title='bbox 1090 2016 1215 2098; x_wconf 88' lang='lat' dir='ltr'><strong>imperii</strong></span> 
     </span>
     <span class='ocr_line' id='line_1_19' title="bbox 106 2114 1216 2203; baseline 0.002 -23"><span class='ocrx_word' id='word_1_146' title='bbox 106 2116 265 2203; x_wconf 83' lang='lat' dir='ltr'><strong>fastigium</strong></span> <span class='ocrx_word' id='word_1_147' title='bbox 294 2126 326 2181; x_wconf 91' lang='lat' dir='ltr'><strong>et</strong></span> <span class='ocrx_word' id='word_1_148' title='bbox 354 2136 452 2181; x_wconf 92' lang='lat' dir='ltr'><strong>unum</strong></span> <span class='ocrx_word' id='word_1_149' title='bbox 479 2114 702 2199; x_wconf 89' lang='lat' dir='ltr'><strong>„eundemque</strong></span> <span class='ocrx_word' id='word_1_150' title='bbox 728 2114 932 2178; x_wconf 83' lang='lat' dir='ltr'><strong>fortissimum</strong></span> <span class='ocrx_word' id='word_1_151' title='bbox 956 2125 988 2178; x_wconf 87' lang='lat' dir='ltr'><strong>et</strong></span> <span class='ocrx_word' id='word_1_152' title='bbox 1011 2115 1216 2183; x_wconf 90' lang='lat' dir='ltr'><strong>clementissi-</strong></span> 
     </span>
     <span class='ocr_line' id='line_1_20' title="bbox 105 2217 1213 2307; baseline 0.003 -23"><span class='ocrx_word' id='word_1_153' title='bbox 105 2242 190 2285; x_wconf 88' lang='lat' dir='ltr'><strong>mum</strong></span> <span class='ocrx_word' id='word_1_154' title='bbox 197 2227 213 2255; x_wconf 88' lang='lat'>“</span> <span class='ocrx_word' id='word_1_155' title='bbox 235 2218 372 2285; x_wconf 85' lang='lat' dir='ltr'><strong>traduxit</strong></span> <span class='ocrx_word' id='word_1_156' title='bbox 391 2223 613 2304; x_wconf 87' lang='lat' dir='ltr'><strong>imperatorem</strong></span> <span class='ocrx_word' id='word_1_157' title='bbox 629 2217 841 2285; x_wconf 86' lang='lat' dir='ltr'><strong>Octavianum</strong></span> <span class='ocrx_word' id='word_1_158' title='bbox 857 2219 1049 2304; x_wconf 81' lang='lat' dir='ltr'><strong>Augustum:</strong></span> <span class='ocrx_word' id='word_1_159' title='bbox 1071 2221 1131 2285; x_wconf 92' lang='lat' dir='ltr'><strong>suh</strong></span> <span class='ocrx_word' id='word_1_160' title='bbox 1148 2243 1213 2307; x_wconf 91' lang='lat' dir='ltr'><strong>quo</strong></span> 
     </span>
     <span class='ocr_line' id='line_1_21' title="bbox 106 2322 1214 2408; baseline 0.003 -19"><span class='ocrx_word' id='word_1_161' title='bbox 106 2323 254 2390; x_wconf 87' lang='lat' dir='ltr'><strong>Christus</strong></span> <span class='ocrx_word' id='word_1_162' title='bbox 281 2322 385 2387; x_wconf 90' lang='lat' dir='ltr'><strong>voluit</strong></span> <span class='ocrx_word' id='word_1_163' title='bbox 408 2326 512 2402; x_wconf 89' lang='lat' dir='ltr'><strong>nasci,</strong></span> <span class='ocrx_word' id='word_1_164' title='bbox 538 2332 575 2388; x_wconf 92' lang='lat' dir='ltr'><strong>ut</strong></span> <span class='ocrx_word' id='word_1_165' title='bbox 597 2322 677 2387; x_wconf 86' lang='lat' dir='ltr'><strong>urhe</strong></span> <span class='ocrx_word' id='word_1_166' title='bbox 699 2333 770 2387; x_wconf 91' lang='lat' dir='ltr'><strong>toto</strong></span> <span class='ocrx_word' id='word_1_167' title='bbox 793 2325 887 2387; x_wconf 87' lang='lat' dir='ltr'><strong>unius</strong></span> <span class='ocrx_word' id='word_1_168' title='bbox 909 2326 1044 2408; x_wconf 89' lang='lat' dir='ltr'><strong>imperio</strong></span> <span class='ocrx_word' id='word_1_169' title='bbox 1067 2324 1214 2392; x_wconf 88' lang='lat' dir='ltr'><strong>subiecto</strong></span> 
     </span>
    </p>
   </div>
   <div class='ocr_carea' id='block_1_3' title="bbox 104 2425 1215 2616">
    <p class='ocr_par' dir='ltr' id='par_1_3' title="bbox 104 2425 1215 2616">
     <span class='ocr_line' id='line_1_22' title="bbox 105 2425 1213 2514; baseline 0.003 -22"><span class='ocrx_word' id='word_1_170' title='bbox 105 2450 207 2514; x_wconf 90' lang='lat' dir='ltr'><strong>„pace</strong></span> <span class='ocrx_word' id='word_1_171' title='bbox 235 2427 397 2506; x_wconf 90' lang='lat' dir='ltr'><strong>latissima,</strong></span> <span class='ocrx_word' id='word_1_172' title='bbox 426 2429 503 2490; x_wconf 89' lang='lat' dir='ltr'><strong>novi</strong></span> <span class='ocrx_word' id='word_1_173' title='bbox 532 2429 669 2491; x_wconf 91' lang='lat' dir='ltr'><strong>nominis</strong></span> <span class='ocrx_word' id='word_1_174' title='bbox 692 2426 796 2514; x_wconf 82' lang='lat' dir='ltr'><strong>gloria</strong></span> <span class='ocrx_word' id='word_1_175' title='bbox 820 2435 852 2491; x_wconf 92' lang='lat' dir='ltr'><strong>et</strong></span> <span class='ocrx_word' id='word_1_176' title='bbox 875 2425 1080 2492; x_wconf 88' lang='lat' dir='ltr'><strong>adnuntiatae</strong></span> <span class='ocrx_word' id='word_1_177' title='bbox 1102 2429 1213 2495; x_wconf 89' lang='lat' dir='ltr'><strong>salutis</strong></span> 
     </span>
     <span class='ocr_line' id='line_1_23' title="bbox 104 2529 1215 2616; baseline 0.003 -20"><span class='ocrx_word' id='word_1_178' title='bbox 104 2532 200 2598; x_wconf 83' lang='lat' dir='ltr'><strong>velox</strong></span> <span class='ocrx_word' id='word_1_179' title='bbox 221 2532 311 2610; x_wconf 86' lang='lat' dir='ltr'><strong>fama,</strong></span> <span class='ocrx_word' id='word_1_180' title='bbox 333 2532 512 2597; x_wconf 78' lang='lat' dir='ltr'><strong>inoffensae</strong></span> <span class='ocrx_word' id='word_1_181' title='bbox 533 2541 765 2616; x_wconf 86' lang='lat' dir='ltr'><strong>percurrerent,</strong></span> <span class='ocrx_word' id='word_1_182' title='bbox 788 2540 820 2595; x_wconf 88' lang='lat' dir='ltr'><strong>et</strong></span> <span class='ocrx_word' id='word_1_183' title='bbox 841 2529 1002 2616; x_wconf 86' lang='lat' dir='ltr'><strong>discipulis</strong></span> <span class='ocrx_word' id='word_1_184' title='bbox 1018 2530 1147 2613; x_wconf 84' lang='lat' dir='ltr'><strong>Christi,</strong></span> <span class='ocrx_word' id='word_1_185' title='bbox 1172 2538 1215 2600; x_wconf 89' lang='lat' dir='ltr'><strong>ci-</strong></span> 
     </span>
    </p>
   </div>
   <div class='ocr_carea' id='block_1_4' title="bbox 103 2633 1215 3033">
    <p class='ocr_par' dir='ltr' id='par_1_4' title="bbox 103 2633 1215 3033">
     <span class='ocr_line' id='line_1_24' title="bbox 104 2633 1214 2703; baseline 0.002 -3"><span class='ocrx_word' id='word_1_186' title='bbox 104 2637 197 2700; x_wconf 84' lang='lat' dir='ltr'><strong>vibus</strong></span> <span class='ocrx_word' id='word_1_187' title='bbox 219 2639 372 2703; x_wconf 87' lang='lat' dir='ltr'><strong>Romanis</strong></span> <span class='ocrx_word' id='word_1_188' title='bbox 401 2640 485 2702; x_wconf 89' lang='lat' dir='ltr'><strong>inter</strong></span> <span class='ocrx_word' id='word_1_189' title='bbox 513 2640 598 2701; x_wconf 88' lang='lat' dir='ltr'><strong>cives</strong></span> <span class='ocrx_word' id='word_1_190' title='bbox 621 2639 786 2701; x_wconf 84' lang='lat' dir='ltr'><strong>Romanos</strong></span> <span class='ocrx_word' id='word_1_191' title='bbox 813 2633 957 2699; x_wconf 84' lang='lat' dir='ltr'><strong>obeundi</strong></span> <span class='ocrx_word' id='word_1_192' title='bbox 980 2645 1012 2700; x_wconf 91' lang='lat' dir='ltr'><strong>et</strong></span> <span class='ocrx_word' id='word_1_193' title='bbox 1035 2636 1214 2702; x_wconf 91' lang='lat' dir='ltr'><strong>disserendi</strong></span> 
     </span>
     <span class='ocr_line' id='line_1_25' title="bbox 104 2740 1214 2828; baseline 0 -22"><span class='ocrx_word' id='word_1_194' title='bbox 104 2750 173 2806; x_wconf 87' lang='lat' dir='ltr'><strong>tuta</strong></span> <span class='ocrx_word' id='word_1_195' title='bbox 189 2756 272 2805; x_wconf 89' lang='lat' dir='ltr'><strong>esset</strong></span> <span class='ocrx_word' id='word_1_196' title='bbox 286 2741 415 2807; x_wconf 87' lang='lat' dir='ltr'><strong>libertas</strong></span> <span class='ocrx_word' id='word_1_197' title='bbox 422 2748 446 2805; x_wconf 88' lang='lat'><strong>“.</strong></span> <span class='ocrx_word' id='word_1_198' title='bbox 480 2740 734 2828; x_wconf 83' lang='lat' dir='ltr'><strong>Quadragesimo</strong></span> <span class='ocrx_word' id='word_1_199' title='bbox 751 2742 845 2805; x_wconf 90' lang='lat' dir='ltr'><strong>tertio</strong></span> <span class='ocrx_word' id='word_1_200' title='bbox 862 2761 946 2807; x_wconf 87' lang='lat' dir='ltr'><strong>anno</strong></span> <span class='ocrx_word' id='word_1_201' title='bbox 956 2743 1056 2824; x_wconf 84' lang='lat' dir='ltr'><strong>primi</strong></span> <span class='ocrx_word' id='word_1_202' title='bbox 1072 2745 1214 2806; x_wconf 91' lang='lat' dir='ltr'><strong>omnium</strong></span> 
     </span>
     <span class='ocr_line' id='line_1_26' title="bbox 103 2844 1215 2933; baseline 0.001 -23"><span class='ocrx_word' id='word_1_203' title='bbox 103 2867 214 2933; x_wconf 82' lang='lat' dir='ltr'><strong>regum</strong></span> <span class='ocrx_word' id='word_1_204' title='bbox 237 2846 314 2909; x_wconf 90' lang='lat' dir='ltr'><strong>Nini</strong></span> <span class='ocrx_word' id='word_1_205' title='bbox 341 2849 448 2924; x_wconf 89' lang='lat' dir='ltr'><strong>(cuius</strong></span> <span class='ocrx_word' id='word_1_206' title='bbox 471 2854 563 2929; x_wconf 89' lang='lat' dir='ltr'><strong>pater</strong></span> <span class='ocrx_word' id='word_1_207' title='bbox 584 2844 693 2922; x_wconf 90' lang='lat' dir='ltr'><strong>Belus,</strong></span> <span class='ocrx_word' id='word_1_208' title='bbox 716 2844 792 2908; x_wconf 88' lang='lat' dir='ltr'><strong>alias</strong></span> <span class='ocrx_word' id='word_1_209' title='bbox 815 2864 926 2929; x_wconf 80' lang='lat' dir='ltr'><strong>regum</strong></span> <span class='ocrx_word' id='word_1_210' title='bbox 948 2848 1076 2928; x_wconf 89' lang='lat' dir='ltr'><strong>primus,</strong></span> <span class='ocrx_word' id='word_1_211' title='bbox 1099 2845 1215 2911; x_wconf 88' lang='lat' dir='ltr'><strong>obscu-</strong></span> 
     </span>
     <span class='ocr_line' id='line_1_27' title="bbox 103 2948 1215 3033; baseline 0.001 -19"><span class='ocrx_word' id='word_1_212' title='bbox 103 2956 178 3030; x_wconf 89' lang='lat' dir='ltr'><strong>rus)</strong></span> <span class='ocrx_word' id='word_1_213' title='bbox 206 2960 298 3019; x_wconf 88' lang='lat' dir='ltr'><strong>uatus</strong></span> <span class='ocrx_word' id='word_1_214' title='bbox 327 2958 376 3015; x_wconf 83' lang='lat' dir='ltr'><strong>est</strong></span> <span class='ocrx_word' id='word_1_215' title='bbox 398 2948 574 3027; x_wconf 85' lang='lat' dir='ltr'><strong>Abraham,</strong></span> <span class='ocrx_word' id='word_1_216' title='bbox 600 2971 638 3013; x_wconf 88' lang='lat' dir='ltr'><strong>ex</strong></span> <span class='ocrx_word' id='word_1_217' title='bbox 667 2951 755 3016; x_wconf 90' lang='lat' dir='ltr'><strong>cuius</strong></span> <span class='ocrx_word' id='word_1_218' title='bbox 783 2949 902 3012; x_wconf 85' lang='lat' dir='ltr'><strong>semine</strong></span> <span class='ocrx_word' id='word_1_219' title='bbox 930 2951 1140 3033; x_wconf 90' lang='lat' dir='ltr'><strong>repromissus</strong></span> <span class='ocrx_word' id='word_1_220' title='bbox 1163 2961 1215 3014; x_wconf 90' lang='lat' dir='ltr'><strong>est</strong></span> 
     </span>
    </p>
   </div>
   <div class='ocr_carea' id='block_1_5' title="bbox 107 3084 307 3107">
    <p class='ocr_par' dir='ltr' id='par_1_5' title="bbox 107 3084 307 3107">
     <span class='ocr_line' id='line_1_28' title="bbox 107 3084 307 3107; baseline -0.01 0"><span class='ocrx_word' id='word_1_221' title='bbox 107 3084 307 3107; x_wconf 43' lang='lat' dir='ltr'><strong>§W</strong></span> 
     </span>
    </p>
   </div>
   <div class='ocr_carea' id='block_1_6' title="bbox 62 3170 1214 4181">
    <p class='ocr_par' dir='ltr' id='par_1_6' title="bbox 104 3170 1213 3326">
     <span class='ocr_line' id='line_1_29' title="bbox 173 3170 1213 3244; baseline 0.002 -15"><span class='ocrx_word' id='word_1_222' title='bbox 173 3171 227 3244; x_wconf 76' lang='lat'><strong>34)</strong></span> <span class='ocrx_word' id='word_1_223' title='bbox 249 3171 293 3233; x_wconf 78' lang='lat' dir='ltr'><strong>(ll.</strong></span> <span class='ocrx_word' id='word_1_224' title='bbox 316 3175 428 3232; x_wconf 80' lang='lat' dir='ltr'><strong>maxime</strong></span> <span class='ocrx_word' id='word_1_225' title='bbox 451 3172 597 3242; x_wconf 82' lang='lat' dir='ltr'><strong>11‚1-a.</strong></span> <span class='ocrx_word' id='word_1_226' title='bbox 627 3173 678 3241; x_wconf 89' lang='grc' dir='ltr'>ΙΙΙ,</span> <span class='ocrx_word' id='word_1_227' title='bbox 697 3173 723 3229; x_wconf 87' lang='grc'><strong>8.</strong></span> <span class='ocrx_word' id='word_1_228' title='bbox 742 3170 806 3243; x_wconf 74' lang='grc' dir='ltr'><strong>(Ν,</strong></span> <span class='ocrx_word' id='word_1_229' title='bbox 827 3170 886 3243; x_wconf 87' lang='grc'>17.)</span> <span class='ocrx_word' id='word_1_230' title='bbox 912 3171 962 3241; x_wconf 76' lang='lat' dir='ltr'><strong>Vl,</strong></span> <span class='ocrx_word' id='word_1_231' title='bbox 983 3178 1007 3229; x_wconf 93' lang='lat'><strong>1.</strong></span> <span class='ocrx_word' id='word_1_232' title='bbox 1026 3177 1069 3230; x_wconf 81' lang='lat'><strong>17.</strong></span> <span class='ocrx_word' id='word_1_233' title='bbox 1088 3176 1150 3231; x_wconf 67' lang='lat'><strong>20.</strong></span> <span class='ocrx_word' id='word_1_234' title='bbox 1167 3178 1213 3232; x_wconf 75' lang='lat'><strong>22.</strong></span> 
     </span>
     <span class='ocr_line' id='line_1_30' title="bbox 104 3257 254 3326; baseline 0.033 -9"><span class='ocrx_word' id='word_1_235' title='bbox 104 3257 167 3326; x_wconf 72' lang='lat' dir='ltr'><strong>Vll,</strong></span> <span class='ocrx_word' id='word_1_236' title='bbox 186 3263 211 3316; x_wconf 80' lang='lat' dir='ltr'><strong>l·</strong></span> <span class='ocrx_word' id='word_1_237' title='bbox 228 3264 254 3321; x_wconf 68' lang='lat'><strong>2·</strong></span> 
     </span>
    </p>

    <p class='ocr_par' dir='ltr' id='par_1_7' title="bbox 62 3342 1213 3587">
     <span class='ocr_line' id='line_1_31' title="bbox 174 3342 1213 3425; baseline 0.004 -25"><span class='ocrx_word' id='word_1_238' title='bbox 174 3346 227 3412; x_wconf 77' lang='lat'><strong>35)</strong></span> <span class='ocrx_word' id='word_1_239' title='bbox 249 3342 303 3403; x_wconf 85' lang='lat' dir='ltr'><strong>Per</strong></span> <span class='ocrx_word' id='word_1_240' title='bbox 320 3345 426 3403; x_wconf 84' lang='lat' dir='ltr'><strong>saecula</strong></span> <span class='ocrx_word' id='word_1_241' title='bbox 444 3345 507 3402; x_wconf 88' lang='lat' dir='ltr'><strong>dein</strong></span> <span class='ocrx_word' id='word_1_242' title='bbox 524 3356 630 3403; x_wconf 77' lang='lat' dir='ltr'><strong>serrata</strong></span> <span class='ocrx_word' id='word_1_243' title='bbox 650 3345 684 3401; x_wconf 89' lang='lat' dir='ltr'><strong>de</strong></span> <span class='ocrx_word' id='word_1_244' title='bbox 702 3354 817 3422; x_wconf 86' lang='lat' dir='ltr'><strong>quatuor</strong></span> <span class='ocrx_word' id='word_1_245' title='bbox 834 3345 926 3403; x_wconf 88' lang='lat' dir='ltr'><strong>mundi</strong></span> <span class='ocrx_word' id='word_1_246' title='bbox 943 3345 1104 3402; x_wconf 89' lang='lat' dir='ltr'><strong>monarchiis</strong></span> <span class='ocrx_word' id='word_1_247' title='bbox 1119 3349 1213 3425; x_wconf 89' lang='lat' dir='ltr'><strong>opinio</strong></span> 
     </span>
     <span class='ocr_line' id='line_1_32' title="bbox 62 3429 1212 3512; baseline 0.003 -26"><span class='ocrx_word' id='word_1_248' title='bbox 62 3499 65 3505; x_wconf 90' lang='lat'><em>.</em></span> <span class='ocrx_word' id='word_1_249' title='bbox 104 3439 163 3487; x_wconf 83' lang='lat' dir='ltr'><strong>orta</strong></span> <span class='ocrx_word' id='word_1_250' title='bbox 185 3429 291 3487; x_wconf 85' lang='lat' dir='ltr'><strong>ridetur</strong></span> <span class='ocrx_word' id='word_1_251' title='bbox 313 3452 348 3488; x_wconf 88' lang='lat' dir='ltr'><strong>ex</strong></span> <span class='ocrx_word' id='word_1_252' title='bbox 369 3433 592 3511; x_wconf 85' lang='lat' dir='ltr'><strong>interpretatione</strong></span> <span class='ocrx_word' id='word_1_253' title='bbox 614 3429 661 3487; x_wconf 92' lang='lat' dir='ltr'><strong>illa</strong></span> <span class='ocrx_word' id='word_1_254' title='bbox 684 3433 782 3488; x_wconf 89' lang='lat' dir='ltr'><strong>somnii</strong></span> <span class='ocrx_word' id='word_1_255' title='bbox 805 3434 875 3510; x_wconf 81' lang='lat' dir='ltr'><strong>regis</strong></span> <span class='ocrx_word' id='word_1_256' title='bbox 894 3453 942 3511; x_wconf 90' lang='lat' dir='ltr'><strong>per</strong></span> <span class='ocrx_word' id='word_1_257' title='bbox 959 3432 1065 3489; x_wconf 89' lang='lat' dir='ltr'><strong>Daniel.</strong></span> <span class='ocrx_word' id='word_1_258' title='bbox 1085 3433 1212 3512; x_wconf 89' lang='lat' dir='ltr'><strong>prophet.</strong></span> 
     </span>
     <span class='ocr_line' id='line_1_33' title="bbox 103 3518 267 3587; baseline -0.012 -11"><span class='ocrx_word' id='word_1_259' title='bbox 103 3518 134 3587; x_wconf 74' lang='lat'><strong>2,</strong></span> <span class='ocrx_word' id='word_1_260' title='bbox 151 3520 220 3574; x_wconf 71' lang='lat'><strong>31⁸</strong></span> <span class='ocrx_word' id='word_1_261' title='bbox 261 3562 267 3574; x_wconf 94' lang='lat'><strong>.</strong></span> 
     </span>
    </p>

    <p class='ocr_par' dir='ltr' id='par_1_8' title="bbox 173 3538 906 3680">
     <span class='ocr_line' id='line_1_34' title="bbox 173 3538 906 3680; baseline 0.004 -21"><span class='ocrx_word' id='word_1_262' title='bbox 173 3607 209 3660; x_wconf 83' lang='grc'><strong>36</strong></span> <span class='ocrx_word' id='word_1_263' title='bbox 216 3538 417 3673; x_wconf 49' lang='lat' dir='ltr'><strong>›libochmem</strong></span> <span class='ocrx_word' id='word_1_264' title='bbox 434 3603 527 3659; x_wconf 87' lang='lat' dir='ltr'><strong>harum</strong></span> <span class='ocrx_word' id='word_1_265' title='bbox 544 3623 633 3659; x_wconf 90' lang='lat' dir='ltr'><strong>rernm</strong></span> <span class='ocrx_word' id='word_1_266' title='bbox 650 3606 762 3680; x_wconf 77' lang='lat' dir='ltr'><strong>mystica</strong></span> <span class='ocrx_word' id='word_1_267' title='bbox 781 3625 805 3662; x_wconf 85' lang='lat' dir='ltr'><strong>v.</strong></span> <span class='ocrx_word' id='word_1_268' title='bbox 825 3604 864 3672; x_wconf 89' lang='lat' dir='ltr'><strong>ll,</strong></span> <span class='ocrx_word' id='word_1_269' title='bbox 880 3608 906 3662; x_wconf 74' lang='grc'><strong>2.</strong></span> 
     </span>
    </p>

    <p class='ocr_par' dir='ltr' id='par_1_9' title="bbox 103 3688 1213 4023">
     <span class='ocr_line' id='line_1_35' title="bbox 173 3688 1212 3769; baseline 0.004 -25"><span class='ocrx_word' id='word_1_270' title='bbox 173 3690 226 3758; x_wconf 85' lang='grc'><strong>37)</strong></span> <span class='ocrx_word' id='word_1_271' title='bbox 250 3688 292 3746; x_wconf 84' lang='lat' dir='ltr'><strong>Gi.</strong></span> <span class='ocrx_word' id='word_1_272' title='bbox 308 3689 364 3756; x_wconf 89' lang='lat' dir='ltr'><strong>Vll,</strong></span> <span class='ocrx_word' id='word_1_273' title='bbox 377 3694 403 3744; x_wconf 79' lang='lat'><strong>2.</strong></span> <span class='ocrx_word' id='word_1_274' title='bbox 416 3711 442 3765; x_wconf 92' lang='lat' dir='ltr'><strong>p.</strong></span> <span class='ocrx_word' id='word_1_275' title='bbox 452 3694 512 3746; x_wconf 77' lang='lat'><strong>455.</strong></span> <span class='ocrx_word' id='word_1_276' title='bbox 531 3700 559 3746; x_wconf 89' lang='lat' dir='ltr'><strong>et</strong></span> <span class='ocrx_word' id='word_1_277' title='bbox 571 3690 609 3746; x_wconf 94' lang='lat' dir='ltr'><strong>ihi</strong></span> <span class='ocrx_word' id='word_1_278' title='bbox 627 3692 866 3769; x_wconf 87' lang='lat' dir='ltr'><strong>„septenarius</strong></span> <span class='ocrx_word' id='word_1_279' title='bbox 888 3690 945 3748; x_wconf 89' lang='lat' dir='ltr'><strong>ille</strong></span> <span class='ocrx_word' id='word_1_280' title='bbox 963 3711 1124 3759; x_wconf 90' lang='lat' dir='ltr'><strong>numerus,</strong></span> <span class='ocrx_word' id='word_1_281' title='bbox 1146 3712 1212 3767; x_wconf 87' lang='lat' dir='ltr'><strong>quo</strong></span> 
     </span>
     <span class='ocr_line' id='line_1_36' title="bbox 104 3773 1213 3856; baseline 0 -22"><span class='ocrx_word' id='word_1_282' title='bbox 104 3773 297 3835; x_wconf 83' lang='lat' dir='ltr'><strong>ludicantur</strong></span> <span class='ocrx_word' id='word_1_283' title='bbox 314 3776 454 3831; x_wconf 83' lang='lat' dir='ltr'><strong>omnia“l</strong></span> <span class='ocrx_word' id='word_1_284' title='bbox 484 3775 630 3854; x_wconf 86' lang='lat' dir='ltr'><strong>Propterea</strong></span> <span class='ocrx_word' id='word_1_285' title='bbox 649 3790 677 3834; x_wconf 88' lang='lat' dir='ltr'><strong>et</strong></span> <span class='ocrx_word' id='word_1_286' title='bbox 694 3798 763 3856; x_wconf 83' lang='lat' dir='ltr'><strong>opus</strong></span> <span class='ocrx_word' id='word_1_287' title='bbox 780 3797 858 3833; x_wconf 85' lang='lat' dir='ltr'><strong>arrum</strong></span> <span class='ocrx_word' id='word_1_288' title='bbox 875 3787 1001 3856; x_wconf 84' lang='lat' dir='ltr'><strong>septem</strong></span> <span class='ocrx_word' id='word_1_289' title='bbox 1019 3781 1047 3833; x_wconf 91' lang='lat' dir='ltr'><strong>in</strong></span> <span class='ocrx_word' id='word_1_290' title='bbox 1065 3777 1151 3834; x_wconf 88' lang='lat' dir='ltr'><strong>lihros</strong></span> <span class='ocrx_word' id='word_1_291' title='bbox 1171 3777 1213 3834; x_wconf 90' lang='lat' dir='ltr'><strong>di·</strong></span> 
     </span>
     <span class='ocr_line' id='line_1_37' title="bbox 103 3861 1212 3941; baseline 0.001 -21"><span class='ocrx_word' id='word_1_292' title='bbox 103 3862 248 3921; x_wconf 68' lang='lat' dir='ltr'><strong>utrihrrisse</strong></span> <span class='ocrx_word' id='word_1_293' title='bbox 266 3861 396 3918; x_wconf 85' lang='lat' dir='ltr'><strong>Orosinm</strong></span> <span class='ocrx_word' id='word_1_294' title='bbox 413 3861 534 3932; x_wconf 86' lang='lat' dir='ltr'><strong>credam,</strong></span> <span class='ocrx_word' id='word_1_295' title='bbox 555 3872 586 3921; x_wconf 88' lang='lat' dir='ltr'><strong>ut</strong></span> <span class='ocrx_word' id='word_1_296' title='bbox 602 3863 733 3921; x_wconf 85' lang='lat' dir='ltr'><strong>librorum</strong></span> <span class='ocrx_word' id='word_1_297' title='bbox 750 3884 883 3921; x_wconf 86' lang='lat' dir='ltr'><strong>numero</strong></span> <span class='ocrx_word' id='word_1_298' title='bbox 901 3866 1042 3940; x_wconf 77' lang='lat' dir='ltr'><strong>mysticam</strong></span> <span class='ocrx_word' id='word_1_299' title='bbox 1060 3867 1137 3941; x_wconf 83' lang='lat' dir='ltr'><strong>quasi</strong></span> <span class='ocrx_word' id='word_1_300' title='bbox 1155 3867 1212 3921; x_wconf 83' lang='lat' dir='ltr'><strong>vim</strong></span> 
     </span>
     <span class='ocr_line' id='line_1_38' title="bbox 103 3947 411 4023; baseline 0.01 -20"><span class='ocrx_word' id='word_1_301' title='bbox 103 3947 232 4004; x_wconf 84' lang='lat' dir='ltr'><strong>adiiceret</strong></span> <span class='ocrx_word' id='word_1_302' title='bbox 249 3958 411 4023; x_wconf 79' lang='lat' dir='ltr'><strong>argumento.</strong></span> 
     </span>
    </p>

    <p class='ocr_par' dir='ltr' id='par_1_10' title="bbox 103 4032 1214 4181">
     <span class='ocr_line' id='line_1_39' title="bbox 173 4032 1214 4114; baseline 0.004 -24"><span class='ocrx_word' id='word_1_303' title='bbox 173 4035 226 4103; x_wconf 84' lang='lat'><strong>38)</strong></span> <span class='ocrx_word' id='word_1_304' title='bbox 250 4032 311 4090; x_wconf 83' lang='lat' dir='ltr'><strong>Alia</strong></span> <span class='ocrx_word' id='word_1_305' title='bbox 333 4045 483 4113; x_wconf 87' lang='lat' dir='ltr'><strong>temporum</strong></span> <span class='ocrx_word' id='word_1_306' title='bbox 506 4047 534 4094; x_wconf 87' lang='lat' dir='ltr'><strong>et</strong></span> <span class='ocrx_word' id='word_1_307' title='bbox 555 4036 670 4095; x_wconf 86' lang='lat' dir='ltr'><strong>satorum</strong></span> <span class='ocrx_word' id='word_1_308' title='bbox 694 4037 880 4096; x_wconf 82' lang='lat' dir='ltr'><strong>convenientia</strong></span> <span class='ocrx_word' id='word_1_309' title='bbox 901 4037 973 4093; x_wconf 86' lang='lat' dir='ltr'><strong>inter</strong></span> <span class='ocrx_word' id='word_1_310' title='bbox 993 4037 1161 4114; x_wconf 85' lang='lat' dir='ltr'><strong>Babylonem</strong></span> <span class='ocrx_word' id='word_1_311' title='bbox 1184 4047 1214 4094; x_wconf 84' lang='lat' dir='ltr'><strong>et</strong></span> 
     </span>
     <span class='ocr_line' id='line_1_40' title="bbox 103 4117 430 4181; baseline 0.012 -6"><span class='ocrx_word' id='word_1_312' title='bbox 103 4117 214 4181; x_wconf 76' lang='lat' dir='ltr'><strong>Romam</strong></span> <span class='ocrx_word' id='word_1_313' title='bbox 231 4130 339 4178; x_wconf 83' lang='lat' dir='ltr'><strong>exstant</strong></span> <span class='ocrx_word' id='word_1_314' title='bbox 355 4120 384 4179; x_wconf 92' lang='lat' dir='ltr'><strong>ll.</strong></span> <span class='ocrx_word' id='word_1_315' title='bbox 402 4122 430 4180; x_wconf 93' lang='lat' dir='ltr'><strong>ll.</strong></span> 
     </span>
    </p>
   </div>
   <div class='ocr_carea' id='block_1_7' title="bbox 172 4206 448 4289">
    <p class='ocr_par' dir='ltr' id='par_1_11' title="bbox 172 4206 448 4289">
     <span class='ocr_line' id='line_1_41' title="bbox 172 4206 448 4289; baseline -0.007 -21"><span class='ocrx_word' id='word_1_316' title='bbox 172 4207 224 4276; x_wconf 80' lang='grc'><strong>39)</strong></span> <span class='ocrx_word' id='word_1_317' title='bbox 243 4206 294 4278; x_wconf 91' lang='lat' dir='ltr'><strong>Vl,</strong></span> <span class='ocrx_word' id='word_1_318' title='bbox 307 4212 331 4268; x_wconf 88' lang='lat'><strong>1.</strong></span> <span class='ocrx_word' id='word_1_319' title='bbox 350 4212 448 4289; x_wconf 74' lang='lat' dir='ltr'><strong>pato.</strong></span> 
     </span>
    </p>
   </div>
   <div class='ocr_carea' id='block_1_8' title="bbox 0 0 1324 4764">
    <p class='ocr_par' dir='ltr' id='par_1_12' title="bbox 0 0 1324 4764">
     <span class='ocr_line' id='line_1_42' title="bbox 0 0 1324 4764; baseline 0 1"><span class='ocrx_word' id='word_1_320' title='bbox 0 0 1324 4764; x_wconf 95' lang='lat' dir='ltr'><strong> </strong></span> 
     </span>
    </p>
   </div>
  </div>
 </body>
</html>
