2640 4764
689 170 733 236 22

158 352 326 415 Praeterea
356 352 448 414 etiam
479 357 589 413 contra
611 348 790 435 Pelagium,
820 357 896 411 tunc
924 348 985 409 iam
1015 366 1073 431 per
1097 349 1265 412 triennium

157 454 226 518 fere
247 457 281 517 in
299 452 478 518 Palaestina
499 463 686 530 versantem,
708 453 940 536 Hieronymum
963 472 1022 535 per
1037 450 1192 516 Orosium
1215 451 1266 516 ali·

159 568 277 642 quanto
299 560 399 644 magis
422 559 574 643 instigare
596 556 707 621 voluit.
720 557 762 636 ²⁴)

246 661 389 739 Ineunte,
411 671 446 725 ut
460 660 638 738 verisimile,
662 681 747 724 anuo
764 661 838 737 415,
861 661 1000 743 acceptis
1021 657 1143 723 duabus
1161 658 1266 746 Augu·
1310 730 1312 753 Ι

158 766 232 827 stini
254 762 295 827 ad
309 765 541 849 Hieronymum
565 763 718 850 epistolis,
731 765 773 844 ²⁵)
797 762 933 827 Orosius
956 766 1118 850 ingressus
1135 773 1186 826 est
1201 765 1265 840 iter,

160 867 201 931 de
231 888 293 952 quo
323 868 448 953 quidem
479 867 557 932 nihil
588 878 783 952 compertum
806 866 925 945 habeo,
954 871 1015 931 nisi
1039 889 1111 931 eum
1135 865 1267 930 Alexan-

158 970 257 1035 driam
286 975 445 1049 visitasse,
476 974 564 1035 cuius
594 994 675 1057 quae
697 980 763 1036 tum
786 973 819 1034 in
841 970 966 1056 templis
991 981 1150 1036 exstarent
1173 971 1266 1035 lihro

158 1097 227 1139 rum
250 1079 380 1139 armaria
403 1074 523 1141 vidisse
545 1097 589 1152 se,
612 1079 681 1160 ipse
702 1078 856 1150 meminit;
869 1077 911 1155 26)
935 1073 1032 1159 idque
1048 1098 1144 1160 quum
1162 1097 1267 1140 ascen-

158 1178 249 1243 deret
270 1179 387 1242 factum
411 1200 482 1243 esse
497 1179 572 1243 inde
589 1182 734 1257 coniicio,
758 1181 906 1264 quoniam
921 1178 1048 1242 rediens
1064 1189 1180 1264 postea
1195 1202 1268 1266 pro-

157 1304 294 1369 perasse·
309 1285 409 1369 magis
431 1283 567 1347 videtur.

247 1385 352 1470 Quum
383 1400 487 1450 autem
510 1387 696 1452 Bethlehem
726 1387 766 1450 ad
794 1385 894 1473 pedes
916 1387 1107 1471 Hieronymi
1128 1407 1268 1451 morare

157 1498 216 1568 tur,
246 1512 264 1553 a
287 1490 484 1576 presbyteris
507 1490 809 1576 Hierosolymitanis
833 1488 1036 1569 evocabatur,
1059 1492 1113 1574 qui
1135 1491 1268 1554 interes·

157 1603 207 1657 set
234 1597 408 1658 conventui
436 1616 545 1660 eorum
570 1607 601 1659 et
624 1616 730 1659 coram
754 1595 897 1659 Iohanne
921 1595 1091 1679 episcopo,
1122 1593 1267 1679 quaeda

156 1695 280 1783 Pelagii
310 1707 343 1762 et
372 1697 526 1763 Caelestii
553 1700 677 1762 haeresi
707 1702 740 1762 in
765 1699 870 1762 Africa
900 1707 1007 1761 essent
1035 1706 1120 1774 acta,
1149 1697 1268 1762 indica-

155 1810 214 1865 ret.
230 1801 273 1879 27)
330 1802 503 1888 Postquam
532 1805 628 1890 igitur
657 1801 851 1867 Caelestium
879 1804 912 1864 in
942 1800 1071 1886 synodo
1102 1799 1268 1890 Carthagi-

156 1907 260 1970 niensi
276 1905 322 1985 28)
351 1905 531 1971 damnatum
553 1905 721 1983 retulerat,
750 1929 788 1970 ac
810 1905 1006 1992 preshyteris
1028 1905 1267 1990 postulantibus

156 2009 219 2072 huc
240 2012 451 2093 pertinentem
475 2012 646 2097 Augustini
669 2010 844 2096 epistolam,
866 2031 971 2093 nuper
992 2008 1192 2073 adSiciliam
1215 2009 1268 2074 da

156 2120 219 2175 tam
235 2113 277 2191 ²⁹)
307 2111 445 2200 legerat,
474 2123 510 2176 ut
532 2112 682 2200 Pelagius
709 2116 778 2198 ipse
801 2115 1077 2191 intromitteretur,
1107 2115 1267 2178 lohannes

154 2219 315 2301 poposcit.
354 2215 413 2280 Ille
437 2215 563 2301 quidem
588 2215 816 2282 catholicorum
832 2216 929 2280 modo
946 2220 1093 2281 excitavit
1107 2217 1266 2296 invidiam,

155 2319 327 2406 Augustini
350 2318 570 2384 auctoritatem
592 2341 761 2405 spernens;
779 2323 821 2402 ³⁰)
845 2344 940 2406 quum
956 2342 1034 2384 vero
1051 2322 1190 2386 Orosius
1206 2343 1266 2408 pro

155 2421 224 2485 aliis
249 2422 365 2510 dogma
389 2425 455 2486 eius
478 2423 654 2501 „hominem
677 2444 773 2509 posse
799 2446 868 2488 esse
892 2429 960 2489 sine
976 2438 1109 2511 peccato
1135 2437 1167 2490 et
1181 2449 1268 2491 man·

155 2525 228 2589 data
250 2526 315 2589 Dei
343 2526 437 2590 facile
466 2527 642 2606 custodire,
672 2531 698 2591 si
727 2528 827 2592 velit“
855 2531 1108 2615 pronuntiasset,
1139 2532 1267 2595 minime

154 2632 293 2714 negavit.
352 2631 531 2694 Africanam
560 2631 736 2717 synodum,
771 2634 998 2721 Augustinum,
1031 2634 1266 2720 Hieronymum

153 2731 233 2796 haec
257 2732 423 2797 damnasse
445 2757 633 2821 responsum
658 2745 719 2812 est;
743 2737 902 2801 lohannes
927 2747 1036 2801 contra
1060 2738 1198 2815 „horum
1222 2743 1268 2802 ni·

153 2835 199 2900 hil
222 2836 386 2914 audiens“,
415 2847 452 2900 ut
477 2848 677 2902 accusatores
701 2841 771 2925 ipso
795 2840 900 2904 iudice
924 2841 1099 2905 faterentur
1122 2864 1158 2907 se
1181 2843 1268 2908 Oro·

153 2942 219 3003 sius
249 2937 474 3024 adiutoresque
504 2945 585 3020 eius,
617 2945 744 3029 exigere
772 2954 904 3009 conatus
929 2956 986 3010 est.
1040 2945 1267 3013 Abnuentibus

153 3042 217 3105 hoc
237 3042 315 3120 illis,
344 3042 517 3129 disputatio
541 3056 664 3124 exorta,
692 3069 754 3132 qua
776 3047 936 3112 Iohannes
960 3049 1111 3113 asseclam
1135 3073 1170 3115 se
1194 3073 1267 3137 pro-

153 3143 272 3210 didisse
298 3167 366 3211 non
389 3147 493 3213 solum
515 3150 683 3237 Origenis,
713 3173 822 3215 verum
846 3152 968 3241 Pelagii
991 3157 1084 3218 etiam
1107 3157 1195 3219 visus
1221 3165 1267 3220 est

152 3267 356 3279 --..-—.

122 3407 124 3411 y
151 3355 178 3412 p.
203 3337 231 3390 in
255 3356 318 3414 opp.
346 3334 503 3394 Tomvlll.
525 3336 658 3396 coloro.
680 3372 711 3382 -
735 3339 831 3398 Orosli
848 3341 918 3421 apol.
938 3364 963 3420 p.
974 3348 1035 3400 590.
1055 3375 1087 3387 -
1112 3343 1214 3402 Baron.
1233 3345 1267 3402 ad

152 3440 193 3476 au.
213 3423 273 3478 414.
305 3419 450 3478 Toml'll.
474 3426 553 3500 pll.
571 3422 631 3479 XV.
652 3445 674 3480 e.
688 3423 778 3501 Pagio.

221 3508 275 3576 24)
298 3507 346 3563 Sic
364 3506 454 3563 Collo.
473 3529 500 3586 p.
510 3512 571 3565 510.
603 3508 653 3578 (ef.
672 3510 723 3568 loe.
743 3513 822 3569 modo
841 3512 860 3570 l.
880 3535 920 3591 ep.
941 3515 974 3571 ad
992 3516 1097 3589 Euod.)

221 3592 275 3661 25)
298 3592 368 3669 Epp.
387 3592 454 3667 Aug.
478 3614 522 3650 no.
537 3598 588 3652 loo
608 3606 634 3650 et
654 3599 712 3653 167.
741 3597 791 3667 (al.
810 3603 852 3655 28.
873 3610 900 3655 et
917 3603 978 3673 29.)

220 3677 273 3746 26)
297 3678 339 3733 Cf.
359 3679 452 3735 histor.
466 3677 513 3746 Vl,
534 3683 575 3737 15.
601 3702 627 3758 p.
637 3686 698 3739 421.
727 3683 768 3740 ed.
787 3684 899 3742 Havere.

220 3763 272 3830 27)
298 3762 339 3820 Cf.
360 3764 454 3821 Orosii
473 3765 542 3842 apol.
562 3771 658 3842 poto.

220 3847 273 3916 28)
297 3848 367 3904 Anu.
387 3848 452 3905 Chr.
472 3853 533 3906 412.
559 3851 592 3909 cf.
612 3853 735 3911 Garnerii
754 3855 873 3914 dissent.
894 3858 927 3914 ad
944 3859 1008 3917 hist.
1028 3859 1161 3937 Pelagian.
1182 3865 1266 3941 perti·

149 3933 269 3989 nentium
287 3933 396 3990 secund.
425 3935 570 3993 Tolel.
595 3959 657 4016 opp.
677 3941 744 4018 Aug.
769 3941 811 3998 ed.
831 3943 973 4023 Antwerp.
1000 3967 1028 4023 p.
1038 3949 1073 4003 92
1086 3968 1126 4024 sq.

219 4018 272 4086 29)
295 4016 340 4075 Ad
358 4019 489 4078 Hilarium
507 4022 712 4100 Syracusanum.
737 4033 856 4085 no.157.
876 4029 927 4101 (al.
946 4034 1007 4104 89.)
1027 4053 1091 4112 opp.
1112 4033 1153 4090 ed.
1168 4034 1264 4094 Antvr.

150 4101 226 4160 Tam.
236 4103 269 4159 ll.
294 4103 355 4161 Col.
366 4107 419 4161 412
432 4127 492 4184 sqq.

218 4189 270 4262 30)
294 4190 391 4249 Omnia
409 4192 476 4252 hacc
493 4215 546 4254 sec.
565 4196 660 4255 Nostri
680 4198 749 4276 apol.
774 4203 861 4277 psal
876 4222 934 4279 sqq.
