2640 4764
621 232 685 299 139

102 410 247 468 relatarum
269 407 357 465 ultimi
378 407 606 485 amplectebantur
622 408 694 464 Livii
712 406 788 474 libri;
810 426 898 482 neque
915 415 996 484 caput
1013 406 1047 463 ad
1065 426 1124 462 cum
1142 405 1209 462 relc-

102 497 217 554 rendum
236 498 414 563 censuissem,
438 515 518 570 quum
537 494 620 551 ferme
638 495 723 549 omnia
743 492 816 568 quod
834 496 929 549 attinet
948 514 1004 562 res,
1027 495 1110 568 magis
1129 495 1208 549 ctiam

102 583 178 660 quod
204 584 298 638 attinet
320 579 415 647 verba,
439 591 531 656 aperto
554 580 674 648 aliunde,
698 579 811 635 eFloro
830 589 858 634 et
875 579 1019 648 Suetonio,
1042 583 1126 656 petita
1145 582 1208 646 sint,

101 672 157 726 nisi
176 668 318 744 quaedam,
342 669 400 721 sive
419 687 560 732 conversa,
585 669 642 721 sive
660 664 692 722 al.
711 687 765 720 non
784 665 955 743 reperienda,
973 665 1121 722 minuscula
1140 665 1208 722 adeo

101 756 257 834 praeberet,
282 774 350 829 qnae
371 753 485 809 forsitan
503 751 574 808 Livii
597 754 775 828 cognitionem
799 762 879 828 atque
899 773 976 809 usum
994 755 1067 809 iuxta
1085 753 1152 808 alios
1170 755 1209 808 in-

102 842 202 898 dicent.
246 840 323 914 Quae
344 839 400 895 fere
422 839 488 894 haec
511 849 585 896 sunt:
614 840 719 894 initium
742 840 851 915 capitis,
875 841 903 894 ni
928 838 1042 895 fortasse
1061 838 1161 895 Orosio
1180 837 1209 894 id

102 929 285 992 concesserim
308 925 406 981 deinde
428 927 456 980 in
479 925 550 981 bello
569 925 684 1001 Augusti
706 945 764 980 cum
784 924 929 980 Cantabris
947 935 975 980 et
993 926 1138 982 Asturibus
1156 927 1210 1002 pri·

101 1035 173 1070 mum
195 1035 223 1090 p.
237 1017 299 1068 444.
320 1001 386 1067 illud
404 1015 553 1068 accuratius
577 1011 687 1080 „tribus
706 1011 891 1085 agminibus“;
915 1010 977 1066 dein
995 1014 1132 1088 copiosior
1149 1010 1210 1067 red·

103 1101 172 1166 dita,
196 1109 224 1155 et
246 1119 295 1176 per
313 1098 394 1154 Dion.
410 1097 488 1154 Cass.
506 1098 591 1169 (Llll,
608 1098 665 1168 25.)
688 1097 792 1152 firmata
810 1097 991 1174 paragraphus
1009 1097 1083 1154 Flori
1100 1097 1147 1166 IV,
1162 1101 1210 1165 12,

102 1189 160 1252 49.;
185 1188 249 1241 item
266 1187 363 1261 p.4t5.
383 1184 422 1255 ἓξ
436 1189 470 1240 50
483 1194 510 1239 et
522 1188 554 1239 51
575 1184 650 1240 Flori
668 1186 789 1239 inversae
809 1193 835 1238 et
854 1193 958 1251 auctae,
983 1184 1077 1240 ordine
1095 1205 1160 1252 ren,
1181 1194 1210 1240 ut

102 1271 218 1337 ridetur,
237 1273 264 1326 in
282 1269 382 1327 Nostro
401 1273 580 1337 accuratiore3
598 1281 654 1326 tum
671 1291 730 1348 pag.
750 1270 807 1326 ead.
827 1269 932 1337 „llinio
950 1270 1054 1325 flumini
1072 1272 1211 1326 imminen-

102 1360 194 1425 tem“;
213 1357 327 1432 denique
345 1356 402 1412 lani
421 1355 505 1412 clausi
523 1368 587 1435 post
605 1357 704 1413 bellum
719 1356 908 1413 Cantabricum
926 1360 1039 1434 primum
1059 1359 1136 1425 (nam
1154 1377 1209 1412 non

102 1446 156 1499 nisi
174 1443 254 1499 huius
272 1462 336 1498 vere
354 1445 474 1498 meminit
493 1443 625 1512 Orosius)
645 1445 733 1520 aptior
751 1463 830 1518 quam
843 1445 875 1498 -in
894 1442 975 1499 Floro
994 1445 1097 1499 notitia.
1132 1442 1209 1516 Quae

104 1551 118 1586 e
136 1530 195 1586 Liv.
216 1528 352 1586 CXXXV.
371 1527 499 1585 translata
517 1531 637 1595 credam3
661 1531 762 1606 pariter
780 1539 892 1606 propter
910 1528 959 1583 alia
980 1529 1108 1605 quaedam
1126 1531 1210 1584 minu·

103 1615 177 1671 scula
196 1614 308 1683 adiecta,
327 1614 371 1670 vel
389 1615 549 1692 amplificata
566 1615 619 1670 hoe
637 1618 664 1670 in
684 1635 754 1691 cap,
774 1614 888 1670 eundem
907 1614 983 1684 (libr.
997 1615 1062 1684 ult.)
1080 1613 1209 1670 aNostro

102 1701 219 1758 fortasse
237 1702 427 1779 perlustratum
447 1721 507 1756 esse
525 1701 718 1778 accipiamr‘de
736 1702 808 1776 quib.
828 1703 908 1758 sicuti
927 1722 1034 1778 quoque
1050 1701 1084 1757 de
1096 1700 1209 1778 reliquis

102 1787 154 1844 boc
173 1787 207 1843 ad
226 1799 306 1866 caput
323 1787 494 1867 pertinentib.
513 1786 568 1842 vid.
587 1787 637 1842 sub
657 1787 760 1856 Floro]

332 1980 355 2049 ᾗ.
376 1983 417 2034 10.
460 1977 515 2033 DE
539 1975 658 2033 IVLIO
684 1977 982 2052 OBSEQVENTE.

192 2099 411 2186 Significatum
440 2102 499 2163 iam
529 2100 562 2160 in
585 2099 785 2184 paragrapho
808 2095 1026 2184 praecedenti,
1055 2106 1209 2184 quatenus

102 2200 173 2265 lulii
198 2202 415 2288 Obsequentis
437 2203 520 2266 liber
541 2201 770 2289 prodigiorum,
793 2202 879 2287 quod
904 2200 944 2265 ad
965 2203 1118 2267 Orosium
1140 2225 1210 2289 spe-

103 2315 180 2384 ctat,
207 2309 239 2369 in
264 2329 392 2370 censum
414 2309 524 2371 venire
547 2309 658 2391 possit.
705 2307 786 2370 Sunt
809 2308 889 2370 enim
915 2306 1133 2371 tantummodo
1157 2330 1211 2396 ge-

102 2412 192 2473 nuini
217 2411 433 2496 Obsequentis
463 2412 654 2498 fragmenta,
683 2432 763 2494 quac
793 2432 810 2472 a
841 2431 921 2474 coss.
944 2411 981 2473 L.
1004 2412 1156 2498 Scipione
1181 2423 1213 2477 et

103 2511 142 2578 C.
166 2514 278 2578 Laelio
309 2537 409 2600 nsque
438 2514 478 2578 ad
508 2514 549 2598 Q.
574 2513 699 2577 Aelium
723 2513 928 2577 Tuberonem
959 2526 991 2578 et
1018 2516 1107 2581 Paul.
1131 2517 1210 2582 Fab.

102 2617 188 2680 Max.
214 2639 294 2681 coss.
318 2620 510 2703 pertinentia
533 2620 617 2694 (563
640 2617 693 2680 vel
716 2619 835 2682 564-
851 2619 915 2680 742
937 2617 990 2682 vel
1014 2621 1078 2684 743
1102 2645 1131 2685 n.
1157 2627 1212 2700 c.),

102 2742 170 2784 non
193 2721 287 2807 plena
312 2721 376 2786 dno
400 2721 524 2785 saecula
550 2721 790 2808 amplectuntur.
833 2721 869 2784 In
893 2721 940 2782 bis
964 2723 1060 2808 igitur
1084 2723 1211 2788 eviden-

103 2837 166 2888 tem
190 2824 335 2890 locorum
358 2825 555 2910 quorundam
580 2822 814 2890 similitudinem
830 2826 1000 2909 utriusque,
1023 2827 1213 2914 Obsequen-

102 2932 143 2992 tis
168 2939 200 2992 et
223 2930 332 2994 Orosii
357 2930 577 3007 observamus,
607 2930 691 2993 bunc
714 2941 818 2994 tamen
842 2928 1040 3008 bernodum,
1070 2942 1106 2995 ut
1128 2930 1210 2997 adeo

102 3032 268 3097 simillimis
297 3033 378 3096 locis
403 3032 602 3097 differentiae
626 3033 728 3097 adbuc
750 3035 861 3110 insint,
892 3056 971 3117 quae
993 3038 1121 3099 minime
1144 3036 1213 3102 Ob-

103 3147 290 3223 sequentem
321 3139 434 3202 Nostri
466 3137 587 3200 fontem
622 3135 752 3202 credere
786 3139 984 3221 permittunt,
1018 3139 1076 3202 sed
1104 3144 1212 3225 potius

103 3245 269 3328 utriusque
300 3263 398 3306 unum
424 3240 621 3324 eundemque
644 3239 785 3304 indicant
806 3239 943 3318 iontem,
972 3263 1065 3326 quern
1087 3243 1212 3307 Livium

104 3347 203 3410 luisse
225 3367 302 3429 prae
327 3347 458 3409 caeteris
481 3345 690 3423 statuendum,
713 3366 807 3430 quum
831 3342 959 3408 aliunde
983 3348 1057 3410 satis
1081 3346 1213 3414 eluceat,

104 3449 347 3534 Obsequentem
376 3452 403 3513 si
426 3471 494 3513 non
517 3471 559 3512 cx
581 3448 639 3513 illo
663 3449 750 3527 solo,
780 3460 884 3513 tamen
906 3453 1077 3535 praecipue
1101 3450 1211 3515 saltem

105 3575 143 3617 ex
180 3574 219 3616 eo
250 3576 338 3617 suam
366 3553 587 3640 prodigiorum
617 3552 840 3617 collectionem
870 3552 1055 3617 confecisse.
1113 3555 1213 3642 lgitur

105 3659 221 3721 ascitus
252 3669 299 3722 est
328 3658 426 3722 lulius
450 3657 641 3743 Obsequens
671 3679 738 3722 non
766 3660 826 3721 nisi
856 3665 1011 3741 tamquam
1042 3656 1213 3722 documen-

105 3772 171 3824 tum
203 3765 342 3847 excerpti
364 3761 546 3846 ubicunque
568 3759 622 3824 vel
645 3760 683 3823 ad
707 3770 813 3846 partes
835 3763 941 3825 vocati
962 3761 1046 3824 Livii
1068 3783 1127 3846 per
1145 3763 1214 3826 No-

104 3874 210 3942 strum,
233 3868 346 3929 maiori
368 3868 401 3928 in
424 3875 515 3951 parte
538 3864 682 3928 locorum
700 3864 846 3928 similium
861 3863 944 3928 lulio
968 3863 1212 3951 locupletiorem

105 3966 189 4032 adeo
214 3977 246 4032 et
268 3968 429 4032 fusiorem.
474 3970 554 4031 Loci
577 3967 764 4032 conferendi
787 3979 873 4032 sunt:

178 4123 260 4180 Oros.
274 4123 309 4189 V,
322 4128 346 4181 4.
366 4146 392 4202 p.
402 4128 476 4182 293:
494 4145 586 4201 magna
599 4126 685 4202 pestis
697 4123 812 4190 Romac;
830 4127 857 4180 in
871 4124 938 4182 Obs.
958 4146 979 4183 c.
991 4103 1033 4181 dl.
1046 4125 1149 4182 Lunae:
1169 4145 1213 4181 res

107 4211 200 4267 eadem
224 4214 252 4267 in
270 4209 372 4266 Nostro
396 4221 601 4280 aucta,.ornata
621 4211 666 4281 (l)
688 4242 718 4254 -
745 4209 825 4280 [ibid.
844 4233 870 4289 p.
883 4215 944 4283 292.
962 4221 1074 4291 propter
1092 4209 1214 4289 prodigia

105 4295 259 4354 llancinum
278 4296 423 4353 adtinentia
444 4296 475 4354 cl.
495 4298 645 4354 uberiorem
664 4296 731 4352 Oba.
751 4317 773 4352 e.
792 4295 859 4366 83]
