2640 4764
638 184 701 251 154

114 356 228 414 berius“
247 367 275 414 et
293 379 318 435 q.
332 377 355 415 6.
375 357 450 417 8661.
469 358 531 416 Tib.
550 368 593 415 est
610 369 667 415 turn
685 359 745 417 aliis
763 362 792 416 in
809 359 878 429 loo,
896 369 954 415 tum
971 361 999 415 16
1017 358 1072 414 fine
1092 380 1114 415 6.
1126 361 1170 415 32.
1187 389 1218 400 -

113 446 210 522 6461.
229 446 325 501 iterum
344 443 494 503 8661.Τ11).
513 455 555 502 est
574 445 671 523 plurib.
691 445 799 514 16166,
821 448 849 502 16
867 445 1015 502 bisantem
1034 445 1159 522 „Viginti
1170 446 1219 502 sibi

112 532 264 608 patricioa“
277 573 304 586 ..
323 552 346 586 6.
361 533 393 587 61.
406 535 462 600 55,
486 540 513 586 61
531 534 558 587 16
577 553 644 600 ,,666
663 553 726 588 666.
745 532 921 589 molientem“
939 554 961 588 6.
976 535 1008 588 61.
1022 534 1130 588 651611.
1150 553 1218 587 reeo-

112 637 233 691 gooseas.
275 615 363 672 Etiam
386 638 454 694 qnae
477 618 510 673 de
533 620 631 674 occisis
650 619 742 675 Druso
761 628 788 675 et
806 617 965 674 Germanico
985 617 1052 673 dicit
1072 618 1218 674 06661666

112 701 201 758 661661
219 701 343 759 86616611
362 706 421 772 (52.
435 704 491 772 62.)
509 704 707 760 166116666616
726 707 860 782 accipiam.
883 704 932 774 [cf.
951 713 1040 760 tamen
1054 703 1144 760 Tacit.
1162 725 1217 758 666.

111 787 159 856 lv,
174 791 215 843 ll.
235 798 262 844 et
279 787 354 867 bips.
373 790 494 860 ibidem]
527 791 635 859 „l'ilios
655 791 872 848 Germanici“..
892 791 966 847 Suet.
987 791 1051 847 Tib.
1072 789 1218 857 54.;,,116·

111 873 182 931 16666
205 874 381 950 616511161166“
399 920 405 933 .
425 919 431 932 .
451 877 526 933 Suet.
546 877 607 933 Tib.
626 881 668 934 61.
688 886 738 934 661.
779 878 1013 955 Amphitheatrum
1032 876 1147 932 Fidenis
1170 875 1217 932 661·

110 960 229 1040 lapsum,
251 962 325 1020 Suet.
345 974 387 1020 est
406 966 433 1020 in
453 963 515 1020 Tib.
532 969 576 1020 49.
594 993 627 1004 -
652 984 678 1042 6.
693 966 754 1021 463.
773 963 924 1033 „Tiberius
947 963 1083 1040 siquidem
1101 965 1217 1019 1666616-

111 1057 165 1103 tem
184 1051 262 1103 eor.“
282 1070 297 1104 e
315 1047 390 1106 Suet.
411 1049 471 1106 Tib.
489 1054 532 1108 36.

184 1133 244 1203 Vll,
261 1137 286 1189 5.
309 1133 360 1189 bos
383 1134 510 1192 babemus
530 1156 634 1214 pannos
654 1135 699 1206 (61
716 1134 844 1211 vestigia)
863 1133 986 1191 Suetonii
1005 1156 1021 1191 6
1039 1135 1096 1190 6116
1115 1132 1215 1208 Caligu-

110 1219 164 1277 lae:
188 1242 214 1298 p.
227 1222 288 1277 463.
308 1240 341 1276 ex
359 1241 397 1277 66.
416 1225 451 1277 39
470 1232 497 1278 61
513 1226 556 1278 31.
583 1257 614 1266 -
638 1244 665 1300 p.
680 1225 754 1277 ibt:
779 1242 812 1279 ex
831 1242 867 1277 66,
887 1223 923 1275 43
941 1241 1000 1298 sqq.
1020 1223 1100 1299 impr.
1118 1224 1163 1275 44.
1187 1253 1213 1262 —-

109 1327 137 1384 p.
148 1309 201 1362 465
214 1315 281 1362 extr.
301 1316 328 1361 et
346 1327 373 1384 p.
383 1311 435 1363 466
455 1329 470 1364 6
488 1330 509 1364 6.
523 1313 557 1365 49
576 1318 642 1365 extr.
673 1308 770 1378 [Initio
789 1310 814 1364 si
833 1310 875 1364 vis
889 1306 1000 1365 Sueton.
1019 1309 1048 1363 in
1065 1309 1215 1362 universum

110 1394 226 1471 accipias
245 1391 368 1463 sontem]

181 1479 298 1557 Capitid
316 1479 379 1536 libri
389 1480 439 1538 Vll
453 1480 519 1537 baec
532 1480 656 1538 Suetonii
669 1501 684 1536 6
695 1483 750 1536 6116
764 1479 872 1537 Claudii
884 1479 1000 1536 admixta
1012 1490 1089 1536 sunt:
1108 1501 1137 1558 p.
1146 1482 1213 1535 lot:

110 1589 126 1624 e
144 1566 239 1624 Claud.
260 1570 292 1620 ll
306 1568 363 1622 init.
384 1601 414 1611 -
434 1588 493 1646 pag.
505 1566 523 1623 l.
538 1599 570 1608 —
584 1569 657 1622 rou:
678 1567 774 1624 Claud.
794 1570 828 1622 13
846 1577 914 1645 part.
933 1575 1035 1645 poster.
1050 1596 1085 1608 -
1104 1589 1132 1644 p.
1145 1568 1213 1621 468:

110 1653 205 1711 Claud.
226 1656 259 1708 17
277 1673 343 1708 max.
356 1662 424 1730 part.
444 1683 477 1693 -
495 1675 521 1731 p.
535 1655 595 1709 469.
614 1652 720 1709 1666166
739 1652 835 1710 Claud.
854 1659 898 1708 25.
918 1685 950 1697 ·-
970 1651 1036 1708 ibid.
1055 1652 1102 1708 int.
1115 1672 1212 1730 pag.-

108 1737 364 1797 479666601666.
384 1741 425 1794 18.
448 1767 485 1779 -
509 1761 536 1818 p.
554 1742 607 1797 479
625 1739 671 1796 lin.
691 1761 748 1819 666.
768 1739 863 1798 Claud.
890 1749 932 1795 est
953 1742 989 1795 29
1013 1738 1047 1794 66
1070 1739 1146 1795 verb.
1166 1738 1214 1794 1666

110 1829 240 1884 61644.

182 1912 266 1970 vlit
285 1932 354 1968 max.
367 1922 436 1990 part.
455 1915 669 1970 consarcinatum
686 1934 721 1969 ex
738 1911 807 1969 16616
826 1912 999 1968 Suetonianis
1018 1913 1047 1967 16
1065 1912 1122 1967 6116
1136 1911 1213 1967 Nero·

108 2001 164 2056 nis:
182 2021 208 2078 p.
217 2003 269 2055 471
288 2019 410 2076 suprema
428 2010 505 2077 parte
524 2009 631 2056 exstant
650 2000 730 2055 verba
749 1999 812 2056 Ner.
831 2000 866 2052 26
885 2000 969 2065 init,
989 1996 1051 2052 dein
1068 2001 1213 2054 summatim

110 2107 148 2143 66.
165 2092 287 2162 ’166666
310 2087 454 2163 praecipue
472 2108 535 2143 6666
554 2107 599 2142 666
621 2107 635 2142 6
655 2107 693 2142 66.
711 2089 754 2142 28.
768 2088 810 2140 29.
823 2088 882 2153 311,
907 2084 1013 2140 dnobus
1031 2086 1060 2139 in
1079 2083 1149 2140 loeis
1167 2085 1213 2140 Eu·

108 2173 177 2229 sebii
199 2183 226 2228 et
242 2173 369 2250 Eutropii
386 2172 445 2229 Vll.
465 2176 490 2229 9.
509 2174 601 2230 verbis
620 2175 755 2229 immixtis.
797 2171 867 2228 Tum
884 2171 948 2227 Ner.
967 2170 1114 2226 6381666
1133 2181 1214 2226 totum

107 2269 255 2338 receptum,
273 2259 323 2314 sub
344 2259 424 2314 linem
443 2262 559 2315 immixta
579 2259 640 2316 061.
660 2263 695 2317 28
712 2269 789 2338 parto
808 2268 875 2315 extr.
896 2291 926 2301 -
947 2278 973 2333 p.
986 2260 1038 2313 472
1056 2259 1136 2335 impr.
1155 2257 1212 2313 Ner.

109 2366 148 2402 66.
162 2349 197 2401 32
208 2347 286 2399 -35,
305 2346 401 2411 (etiam
419 2346 529 2422 Eutrop.
543 2344 600 2412 Vll,
619 2349 658 2415 9.)
682 2348 788 2421 saepius
807 2343 1038 2422 deprehenderim.
1059 2377 1090 2386 -
1117 2365 1144 2420 p.
1157 2347 1213 2400 473.

107 2430 154 2487 lin.
168 2436 184 2485 5
197 2451 258 2507 sqq.
277 2439 384 2486 exstant
401 2429 463 2487 Ner.
484 2453 505 2487 6.
524 2434 559 2488 39
577 2435 635 2488 init.
655 2434 801 2501 (immixtis
819 2429 978 2485 minusculis
996 2429 1124 2508 Eutropii
1142 2431 1160 2487 l.
1173 2431 1213 2499 1.),

108 2526 222 2574 exeunte
240 2537 297 2595 666.
315 2515 378 2573 Ner.
397 2521 432 2572 42
450 2520 522 2586 init,
541 2522 580 2580 43,
594 2521 757 2585 summatim,
777 2519 816 2572 uti
834 2537 894 2593 sqq.
915 2535 1001 2591 usque
1019 2519 1062 2572 49.
1100 2516 1224 2586 [Ultima

106 2605 189 2659 verba
206 2604 331 2680 Eutropii
350 2602 408 2673 Vll,
427 2607 452 2661 9.
471 2615 548 2671 6661;
567 2615 672 2661 exstant
690 2625 755 2660 vero
775 2613 801 2659 et
819 2625 860 2680 ap.
880 2603 980 2659 Eusob.
999 2623 1022 2658 a.
1041 2602 1106 2660 Ner.
1127 2606 1183 2674 14.]

178 2689 240 2758 Vll,
258 2694 294 2746 u:
318 2713 345 2767 p.
360 2693 434 2746 4746
459 2712 526 2767 quae
549 2691 583 2747 66
603 2691 687 2748 Galba
711 2691 829 2746 breviter
853 2688 979 2745 admonet
997 2687 1098 2744 Noster
1122 2689 1214 2746 Sueto

106 2779 179 2832 nium
202 2779 310 2854 sapiunt
332 2780 361 2833 in
383 2780 551 2845 universum,
575 2781 722 2855 666661666
744 2797 809 2832 6666
832 2778 940 2831 initium
959 2777 1055 2851 6661116
1076 2780 1118 2832 12.
1139 2776 1214 2848 (Gal-

34 2929 36 2934 ,
107 2863 174 2933 bae)
197 2873 224 2919 et
246 2874 325 2941 caput
344 2868 383 2921 17.
411 2864 584 2940 [„iugnlatus
604 2867 668 2920 est“
687 2885 721 2920 ex
739 2864 851 2939 Eutrop.
871 2861 934 2929 Vll,
954 2865 996 2918 10.
1019 2872 1160 2940 sumptum
1180 2865 1215 2919 61-

106 2949 207 3018 66166.)
243 2948 317 3006 ldem
334 2950 407 3006 valet
426 2951 459 3007 66
476 2954 525 3018 116,
550 2971 617 3026 quae
634 2950 668 3006 de
688 2949 798 3005 Othone
815 2948 968 3004 referuntur
985 2970 1013 3026 p.
1023 2953 1084 3004 475.
1122 2949 1215 3006 Sueto·

106 3037 145 3092 nii
168 3035 239 3090 enirn
258 3035 360 3093 Othou.
379 3037 413 3094 al.
432 3037 498 3104 166,
523 3040 599 3115 impr.
618 3057 683 3093 vero
707 3038 746 3106 (6.
765 3039 782 3092 8
800 3036 843 3105 61)
866 3039 882 3091 9
901 3035 1030 3104 medium,
1052 3035 1215 3093 adverbum

105 3120 241 3179 habemus.
269 3124 388 3193 [‚,tertio
411 3128 525 3180 mense⁶⁶
549 3123 636 3180 1168.
661 3144 713 3179 666.
732 3122 832 3182 Euseb.
851 3121 1103 3192 6161666166166.]
1151 3124 1216 3180 Item

106 3209 140 3267 de
158 3208 269 3266 Vitellio
288 3232 314 3288 p.
328 3215 389 3280 473.
408 3211 532 3268 Suetonii
555 3210 683 3266 habemus
703 3207 795 3265 Vitell.
815 3229 853 3264 66.
866 3211 942 3287 impr.
958 3213 990 3264 ll
1005 3218 1033 3265 et
1046 3230 1120 3285 sqq,
1144 3221 1173 3266 et
1189 3214 1215 3266 in

104 3298 201 3375 666616
221 3299 423 3353 66151617.
455 3296 562 3366 [Verba
580 3318 607 3372 p.
618 3298 678 3351 478.
699 3296 744 3351 liu.
757 3298 779 3351 1.
799 3298 902 3364 „etiam
921 3299 1054 3352 66666661
1073 3300 1216 3355 66161166-

104 3381 235 3459 66116661(Ἰ
254 3402 287 3438 ex
304 3381 417 3458 Eutrop.
436 3381 494 3450 Vll,
515 3385 554 3436 12.
574 3382 676 3450 hausta,
695 3392 725 3438 61
743 3383 865 3452 dictum]

176 3467 234 3536 Vll,
247 3471 284 3524 9.:
308 3467 388 3546 paulo
412 3478 476 3546 post
500 3471 605 3525 initium
624 3469 786 3526 Orosiaoum
808 3471 889 3546 panni
908 3468 1006 3524 adsunt
1024 3469 1185 3527 Suetoniani
1202 3494 1216 3527 6

105 3556 160 3612 vita
177 3553 349 3632 Vespasiani:
372 3576 399 3632 6.
414 3558 474 3611 478.
494 3576 509 3610 6
528 3575 549 3611 6.
567 3559 586 3609 4
602 3558 678 3634 impr.
696 3560 740 3624 (et
757 3556 799 3625 5.)
821 3589 851 3598 —
876 3578 902 3634 p.
917 3558 978 3611 479.
1003 3577 1037 3612 ex
1060 3557 1160 3613 iisdem
1178 3579 1215 3613 66.

105 3643 236 3711 (maxime
247 3643 286 3712 5.)
308 3640 471 3713 (866166166
484 3643 543 3719 1666
556 3641 700 3709 16666166.)
721 3675 752 3684 -
772 3662 798 3718 6.
809 3645 868 3698 489.
890 3663 941 3698 666
954 3663 1015 3699 cum
1028 3641 1124 3699 Tacito
1138 3647 1217 3700 etiam

105 3727 264 3784 Suetonium
282 3727 373 3784 laudat
391 3728 508 3784 Orosius
527 3727 561 3784 de
578 3748 689 3785 numero
709 3748 808 3783 caesor.
822 3726 943 3786 ludaeor.
961 3739 1025 3806 post
1044 3741 1151 3808 captam
1170 3752 1218 3809 per

104 3813 195 3871 Titum
209 3813 434 3890 Hierosolymam
452 3824 480 3869 61
497 3813 543 3870 1116
559 3813 725 3891 6666661166,
743 3813 829 3891 6666
847 3813 932 3871 bunc
949 3836 1029 3872 6666
1048 3816 1116 3872 1616
1137 3816 1218 3894 quid

104 3922 169 3957 non
191 3902 369 3956 invenitur.
390 3935 421 3944 -
445 3911 540 3978 postea
564 3901 597 3957 66
615 3900 751 3979 triumpho
771 3904 904 3957 communi
922 3900 1082 3979 Vespasiani
1102 3912 1131 3958 et
1150 3903 1217 3970 Titi,

104 4008 167 4045 uum
190 3988 278 4042 evita
297 3985 354 4041 Titi
371 3989 413 4043 61
433 4018 464 4029 -
487 3991 692 4065 6482661666
717 3999 759 4044 661
781 3988 858 4043 16666
878 4008 893 4043 6
912 4008 933 4043 6.
948 3991 972 4044 8.
992 3991 1039 4044 611.
1053 3987 1218 4066 Vespasiani

104 4073 260 4150 „siquidem
279 4072 402 4128 Acbaia“
421 4084 470 4130 616.
496 4083 557 4141 (661
574 4076 687 4132 Eusebii
706 4084 748 4130 661
765 4097 787 4129 6.
805 4074 886 4152 Vesp.
906 4075 946 4144 6.)
982 4075 1052 4131 Tum
1070 4074 1137 4131 ibid.
1159 4097 1217 4152 cap.

104 4170 170 4217 extr.
189 4160 223 4216 de
237 4159 300 4217 Tito
313 4159 472 4217 Suetonium
483 4160 584 4219 Nostro
604 4163 673 4219 bene
691 4171 784 4218 notum
803 4163 848 4218 vix
869 4161 995 4230 dubitem,
1014 4163 1120 4219 etiamsi
1133 4164 1218 4220 verba

103 4249 186 4321 magis
204 4248 302 4304 Euseb.
322 4247 500 4304 1161666161..-
