2640 4764
633 241 696 309 173

109 421 170 486 bus
192 429 303 508 gestae
324 419 450 499 fuerint,
472 419 651 506 adscriptae
673 427 763 495 sunt;
784 415 921 504 denique
942 418 977 481 in
999 418 1215 483 conversioni-

109 524 169 589 bus
191 546 295 588 rerum
317 527 550 589 notissimarum
573 522 738 609 permultis
762 532 794 586 et
817 521 1037 608 discrepantiis
1059 545 1128 586 curn
1144 522 1227 587 aliis*

110 629 297 714 quibusque,
320 651 402 713 quae
424 637 528 692 tamen
550 636 685 714 propter
707 624 952 690 addubitandam
974 629 1101 712 saepius
1115 629 1148 690 in
1163 649 1215 692 ex·
1250 624 1254 636 ’

110 733 272 819 serpendo
296 735 409 796 Nostri
430 730 526 795 fidem
549 735 600 794 vix
624 732 757 796 aliorum
780 730 864 794 dicta
887 729 1091 815 superabunt.
1132 732 1216 795 Hinc

108 858 187 901 vero
211 836 251 900 ad
276 836 361 901 aliud
385 836 533 913 ducimur,
557 856 658 919 acque
681 846 775 920 atque
795 833 903 899 ultima
919 835 1117 898 historiarum
1133 843 1215 920 pars,

110 951 142 1004 et
165 963 183 1003 a
206 940 424 1005 laudatoribus
449 950 480 1004 et
498 961 515 1002 a
532 939 803 1024 vituperatoribus
818 939 930 1002 Nostri
944 938 1107 1023 hucusque
1123 941 1216 1003 omis·

108 1067 187 1109 sum.
237 1045 320 1108 Nam
350 1046 470 1107 etiarnsi
493 1064 575 1128 quae
597 1041 686 1106 solus
709 1046 848 1106 servavit
870 1042 1023 1121 Orosius,
1050 1053 1215 1129 sumptae

109 1170 192 1212 nexu
213 1171 332 1223 rerum,
356 1158 389 1211 et
411 1158 607 1212 caeterorum
630 1149 820 1232 scriptorum
841 1145 1036 1209 multitudini
1057 1150 1214 1233 opposita,

108 1274 209 1338 pauca
234 1262 266 1314 et
288 1272 386 1336 parva
409 1248 585 1329 videantur,
608 1262 714 1314 tamen
736 1250 831 1345 rebus
853 1250 1020 1314 subiuncta
1042 1250 1097 1313 vel·
1116 1255 1216 1316 notis-

108 1359 193 1420 simis
223 1354 322 1440 longe
352 1354 416 1417 alio
446 1366 519 1418 sunt
547 1365 677 1439 aspectu
705 1357 845 1439 saepius,
874 1376 969 1438 quum
997 1357 1030 1417 in
1057 1355 1120 1419 hoe
1141 1358 1214 1441 ipso

109 1459 222 1523 ordine
245 1480 357 1535 rerum,
380 1461 413 1521 in
436 1460 495 1522 hac
518 1457 569 1521 vel
585 1458 638 1521 illa
654 1461 865 1521 conversione
880 1467 1129 1521 momentnmeo
1145 1481 1217 1544 prc-

107 1567 220 1627 tiosius
250 1565 337 1639 insit,
366 1582 429 1647 quo
457 1563 560 1626 minus
588 1563 651 1626 hoc
672 1559 938 1626 verisimilitudini
958 1571 1125 1649 repugnet
1176 1566 1216 1628 ln

107 1668 156 1729 his
182 1667 280 1753 igitur
302 1669 432 1751 propria
455 1687 515 1730 nec
537 1687 637 1752 pauca
660 1666 792 1731 Graecis
814 1666 1031 1750 Romanisque
1053 1668 1216 1751 scriptori·

106 1770 168 1833 bus
197 1769 329 1833 adversa
351 1770 472 1834 Noster
496 1771 641 1855 praebet.
693 1768 757 1835 Sed
779 1791 821 1834 ne
842 1771 998 1834 rationem
1020 1771 1145 1855 quidem
1168 1773 1216 1837 in'·

107 1884 158 1938 ter
179 1875 292 1937 Nostri
320 1883 352 1938 et
373 1873 568 1959 reliquorum
589 1876 807 1939 Romanorum
830 1883 994 1958 auctorum
1015 1877 1215 1939 narrationes

106 1978 357 2043 intercedentem
387 1979 600 2044 observarunt
620 1982 680 2043 riri
703 1977 803 2043 docti:
833 2000 927 2063 quum
950 1999 1011 2042 nec
1032 1981 1216 2044 conversio

107 2104 166 2146 nes
195 2082 267 2146 illas
289 2084 401 2147 Nostri
429 2087 590 2169 proprias,
619 2105 680 2148 nec
706 2081 842 2148 multis
866 2080 911 2145 de
933 2081 1053 2147 rebus
1075 2085 1215 2148 Roma*

107 2207 246 2250 norum
283 2186 407 2274 longe
442 2186 808 2274 locupletissimum
842 2197 998 2250 exstare
1025 2189 1214 2253 ,Orosium

107 2289 366 2354 animadvertisse
388 2290 565 2356 videantur.
577 2294 605 2368 ⁷)
644 2291 744 2375 Quod
768 2291 913 2377 equidem
936 2291 1034 2380 longe
1048 2295 1214 2372 maximum

107 2397 224 2478 prioris
247 2395 447 2460 historiarum
465 2399 563 2480 partis
579 2399 723 2459 meritum
739 2399 898 2482 accipiam,
919 2400 1103 2482 praesertim
1119 2418 1214 2482 quum

107 2498 165 2576 ibi,
195 2498 317 2562 mendis
340 2500 452 2563 Nostri
481 2499 607 2585 quidem
637 2502 811 2578 concessis,
840 2504 966 2585 semper
993 2500 1097 2564 adhuc
1117 2510 1158 2565 et
1179 2504 1214 2566 in

108 2604 289 2666 universum
314 2613 346 2667 et
367 2606 400 2666 in
424 2603 556 2690 siugulis
572 2605 696 2666 Livium
720 2602 919 2686 deperditum
936 2625 1212 2691 recognoscamus,

108 2703 184 2788 Quo
215 2706 341 2791 quidem
368 2718 515 2793 respectu
542 2723 619 2792 prae
642 2708 774 2769 caeteris
797 2704 912 2770 librum
935 2708 1046 2772 Orosii
1069 2711 1214 2793 quintum

106 2812 264 2896 insignem
289 2834 448 2889 censeam,
474 2822 569 2896 atque
591 2813 624 2873 in
649 2831 688 2875 eo
711 2811 924 2873 narrationem
947 2809 1026 2874 belli
1047 2813 1215 2876 Viriathici

108 2923 139 2976 et
161 2914 357 2995 Numantini,
377 2926 520 2980 motuum
544 2915 802 2979 Gracchanorum
827 2923 859 2978 et
881 2913 959 2979 belli
981 2914 1113 2994 servilis,
1128 2916 1214 2993 ¹belli

104 3017 285 3102 Iugurthini
307 3023 341 3083 in
363 3030 453 3104 parte
474 3018 559 3083 illius
583 3029 729 3096 extrema,
749 3016 907 3082 bellorum
931 3041 1001 3083 cunr
1019 3018 1157 3084 Cimbris
1181 3027 1214 3085 et

106 3121 325 3199 Teutonibus,
354 3144 459 3185 rerum
488 3145 506 3186 a
529 3124 702 3186 Saturnino
731 3120 863 3204 aliisque
886 3132 1045 3208 gestarum
1069 3133 1102 3187 et
1122 3145 1214 3209 pree-

107 3225 199 3307 cipue
227 3223 304 3287 belli
333 3224 470 3289 socialis.
522 3227 657 3289 Minoris
687 3235 761 3288 suut
788 3226 882 3309 pretii
905 3225 963 3289 hac
984 3229 1108 3290 ratione
1132 3227 1214 3292 liber

106 3337 237 3411 quartus
267 3338 297 3392 et
326 3339 431 3392 sextus
455 3366 495 3380 -
519 3332 552 3393 in
581 3329 644 3392 hoc
673 3327 903 3391 animadvertas
926 3328 1021 3394 velim
1043 3353 1121 3417 prae
1143 3330 1213 3395 aliis

104 3429 224 3495 bellurn
253 3432 344 3495 civile
368 3436 452 3497 inter
473 3431 644 3499 Caesarem
667 3442 699 3496 et
719 3432 904 3517 Pompeium
927 3470 971 3480 —
994 3438 1135 3520 quamvis
1157 3457 1213 3499 ne-

105 3555 168 3617 que
192 3537 229 3597 iis
252 3532 334 3599 talia¹
351 3535 464 3600 desint.
501 3532 637 3600 Minoris
657 3538 750 3598 etiam
767 3558 858 3620 quarn
877 3535 922 3600 illi
938 3538 1123 3602 aestimandi
1138 3548 1213 3603 snut

103 3635 179 3700 libri
204 3638 269 3704 duo
295 3640 534 3717 antecedentes,
564 3639 723 3704 secundus
747 3651 779 3704 ct
801 3642 927 3720 tertius,
950 3642 1037 3705 nihili
1061 3641 1127 3707 iere
1149 3640 1225 3729 pri-'

104 3763 184 3805 mus.
230 3742 327 3809 Certe
351 3744 463 3831 quibus
487 3765 595 3808 carere
618 3747 789 3829 possimos,
816 3748 922 3810 omnia
944 3747 1004 3810 ista
1027 3745 1067 3810 ab
1090 3747 1211 3823 Orosio

103 3847 175 3930 ipso
199 3845 316 3912 addita.

104 4005 304 4016 “—

175 4097 210 4168 ‘l-)
232 4098 289 4155 Nec
307 4098 433 4157 viderunt
450 4101 539 4170 iidem,
559 4100 735 4158 nonnullain
748 4101 849 4158 Oresio
868 4112 982 4173 exstare,
1002 4125 1069 4182 quae
1081 4102 1115 4160 ad
1127 4079 1212 4169 bisto-

103 4184 170 4239 riam
187 4183 333 4242 Romanam
355 4189 515 4264 pertinentia
539 4187 659 4257 aliunde,
684 4191 842 4266 praesertim
862 4210 876 4244 e
894 4189 995 4247 Nostro
1013 4183 1211 4269 posterioribus

101 4268 258 4328 hauriantur
275 4272 463 4352 scriptoribus.
498 4274 535 4331 At
552 4270 605 4331 hoc
622 4274 746 4354 prolecto
765 4277 942 4333 rarissimum!
