2640 4764
701 176 744 243 Sd

169 362 333 445 scripsisse
355 365 535 433 statuamus,
558 355 602 419 uil
625 354 765 441 impedit,
788 377 883 440 quum
902 354 1096 418 itinerarium
1114 353 1278 429 Antonini,

170 472 205 528 ut
225 460 324 526 hodie
344 460 471 548 legitur,
493 481 559 524 non
584 470 657 523 aute
680 480 741 523 nec
762 457 892 522 multum
911 457 991 521 inira
1008 455 1220 522 Constantini
1234 457 1277 520 M.

169 575 304 629 aetatem
326 566 407 649 poni
429 586 466 627 ac
489 563 609 628 demitti
625 563 667 645 ⁰¹)
690 564 801 651 possit.
839 563 1039 626 Novissimus
1053 558 1187 625 tabulae
1202 562 1277 626 Peu-

170 671 366 755 tingerianae
396 665 515 743 editor,
544 665 644 731 Conr.
673 668 825 731 Mannert
853 665 873 729 l.
902 664 922 728 l.
953 662 1093 744 (introd.
1116 687 1149 750 p.
1163 667 1217 744 8.)
1248 673 1277 728 et

170 775 255 835 notis
279 771 435 848 codicum,
457 781 489 834 et
504 769 682 833 Flodoardi
693 771 735 850 ⁶²)
758 771 908 855 imprimis
932 779 963 832 et
981 768 1188 855 Hugonis⁶³>
1211 768 1275 832 Fla-

169 878 374 954 vioiaceosis,
403 873 522 938 saeculi
544 877 623 937 noni
645 877 848 959 scriptorum,
877 875 1080 948 testimoniis
1107 870 1164 935 vel
1188 875 1273 935 etiam

171 981 273 1043 causis
302 977 508 1042 interioribus
535 999 600 1040 rem
624 999 711 1041 suam
734 997 846 1065 gerere
870 985 1015 1053 conatur,
1046 997 1083 1039 ac
1105 979 1272 1039 resectisa

169 1084 316 1169 genuinis
341 1081 603 1168 cosmographiae
626 1081 768 1166 partibus
791 1083 914 1166 spuriis,
927 1081 969 1160 64)
991 1081 1025 1142 in
1047 1078 1133 1141 hunc
1149 1077 1272 1143 modum

170 1207 226 1249 sua
250 1183 504 1269 comprehendit:
527 1186 673 1262 „Aethici
695 1188 912 1269 incorruptam
935 1183 1212 1268 cosmographiam
1232 1186 1272 1246 io·

172 1288 383 1353 troductioois
405 1286 480 1351 loco
500 1289 663 1351 itinerario
681 1290 893 1373 praepositam
910 1286 1016 1364 fuisse,
1039 1289 1147 1349 omnia
1162 1307 1270 1374 magno

171 1413 326 1456 consensa
357 1389 489 1466 docent,
520 1413 580 1475 pro
610 1414 645 1455 re
675 1402 759 1455 certa
786 1391 819 1454 id
843 1412 985 1454 asserere
1008 1392 1130 1453 animus
1154 1389 1272 1476 impulit

170 1518 220 1560 me
241 1494 543 1581 deprehendentem,
565 1497 598 1562 iu
613 1494 725 1559 libello
743 1494 856 1559 codem
871 1516 935 1579 quo
951 1497 985 1557 in
999 1495 1165 1557 itinerario
1182 1493 1271 1557 modo

170 1602 327 1663 civitatem
351 1597 564 1677 Constantini,
592 1621 672 1685 quae
694 1601 886 1684 Byzantium
909 1601 995 1684 prius
1019 1597 1103 1661 dicta
1126 1608 1185 1675 est,
1207 1619 1272 1683 pro·

171 1701 258 1778 duci;
289 1712 321 1765 et
349 1699 449 1765 multo
479 1705 578 1788 magis
606 1701 710 1766 ultimi
738 1702 919 1786 compendii
942 1702 1061 1766 verbis:
1089 1703 1182 1780 „„Et
1204 1722 1273 1787 quo·

171 1808 254 1869 niam
283 1809 430 1868 universa
460 1815 611 1869 terrarum
642 1804 730 1868 orbis
759 1807 858 1890 spatia
888 1804 941 1869 vel
966 1803 1140 1869 insularum
1165 1804 1273 1870 descri-

171 1913 289 1997 psimus
318 1931 404 1973 nuuc
433 1909 473 1973 ad
502 1911 654 1973 maiorem
683 1907 965 1972 demonstrationis
992 1912 1216 1988 structionem,
1245 1911 1272 1971 io

171 2023 320 2099 quantum
342 2013 506 2100 vigilantia
530 2024 638 2076 nostra
658 2014 850 2099 investigare
865 2015 978 2098 potuit,
1002 2012 1274 2078 demonstrabo.““
1313 2004 1316 2041 ³

171 2116 237 2180 Sed
259 2119 472 2201 pronunciare
494 2127 660 2180 conantem
677 2119 778 2181 reiicit
793 2119 862 2201 ipse
880 2118 1036 2193 Aethicus,
1060 2116 1178 2181 additis
1194 2117 1274 2181 hisce

170 2223 290 2305 paucis:
320 2241 404 2298 „„ex
428 2231 555 2283 aeterna
580 2219 657 2284 urbe
680 2223 783 2292 Roma
806 2223 930 2284 initium
953 2242 1095 2300 sumens,
1125 2243 1210 2306 quae
1230 2240 1274 2285 oa·

170 2334 228 2409 put
257 2334 304 2388 est
331 2323 424 2413 orbis.
442 2333 475 2387 et
498 2323 625 2387 domina
649 2331 832 2388 senatus.““
878 2324 978 2390 Cuius
1001 2324 1130 2411 periodi
1154 2328 1275 2390 itinera-

151 2430 250 2501 ,rium
281 2431 383 2513 ipsum
407 2429 605 2491 continuatio
629 2432 722 2492 statui
745 2432 867 2512 nequit,
897 2451 966 2493 cum
989 2428 1022 2493 id
1044 2451 1113 2493 non
1137 2429 1178 2493 ab
1201 2428 1274 2494 urhe

170 2531 282 2609 Roma,
306 2530 364 2595 sed
388 2530 426 2593 ab
451 2534 595 2595 extremis
620 2532 745 2595 Africae
768 2533 953 2619 regionibus
977 2532 1201 2619 descriptionis
1222 2532 1275 2596 ini

171 2637 247 2697 tium
277 2633 380 2699 faciat.
433 2635 718 2700 Verisimiiitudine
751 2657 768 2698 e
797 2639 996 2700 connexione
1026 2640 1273 2721 testimoniisque

169 2740 301 2802 vetustis
330 2737 424 2803 ducta
454 2740 599 2804 standum
627 2743 738 2827 igitur,
768 2762 848 2824 quae
872 2743 898 2803 si
919 2740 1004 2804 forte
1026 2740 1202 2805 lectoribus
1224 2743 1273 2802 mi-

170 2863 230 2905 nus
253 2841 399 2920 arrideat,
426 2864 486 2906 nec
509 2853 701 2930 agnoscatur
723 2844 872 2907 Aethicus
896 2854 1014 2922 auctor,
1039 2843 1214 2909 editionem
1235 2853 1274 2906 ta-

170 2965 243 3006 men
266 2966 376 3008 versus
399 2945 495 3008 finem
519 2946 637 3010 saeculi
660 2948 761 3031 quarti
784 2947 956 3032 perfectam
981 2969 1049 3011 esse
1072 2950 1105 3011 in
1123 2951 1217 3011 certis
1232 2968 1274 3010 re·

170 3053 309 3110 manet.“
331 3088 375 3098 -

258 3151 411 3235 Quamvis
440 3158 602 3234 miremur,
632 3160 825 3221 itinerarium
853 3179 919 3222 non
949 3157 988 3221 ab
1016 3155 1097 3221 urbe
1126 3160 1273 3242 incipere,

241 3324 293 3392 61)
318 3323 361 3380 Cf.
383 3327 560 3402 Wesseliogii
583 3329 667 3408 praef.
692 3330 723 3386 ad
746 3341 798 3387 vet.
823 3331 965 3387 Romanor.
989 3332 1077 3387 itiner.
1099 3353 1126 3408 p.
1141 3333 1173 3362 ⁴¹*
1187 3334 1228 3388 11,
1250 3339 1274 3385 ct

171 3407 253 3465 Conr.
272 3408 400 3468 Maonert.
420 3414 565 3471 introduct.
584 3419 612 3471 in
630 3415 684 3471 tab.
703 3415 823 3492 Peuting.
842 3438 869 3495 p.
881 3419 906 3472 8.

239 3503 292 3573 62)
314 3503 383 3561 Hist.
394 3507 458 3563 eccl.
469 3507 612 3565 Rhemcns.
630 3509 648 3565 l.
659 3509 678 3565 Ι.
697 3531 719 3566 c.
732 3515 755 3566 1.
774 3510 850 3567 Tom.
860 3510 945 3568 XVII.
963 3512 1027 3568 bibl.
1039 3511 1087 3589 Pp.
1098 3533 1167 3569 max.
1181 3533 1207 3590 p.
1216 3513 1271 3567 506.

239 3589 290 3660 63)
314 3590 344 3647 Iu
363 3591 456 3648 chron.
467 3593 628 3652 Virdonens.
648 3617 690 3673 ap.
704 3595 804 3664 Labbe,
823 3617 885 3654 nov.
903 3598 968 3654 bibl.
987 3620 1051 3656 mss.
1070 3597 1164 3654 libror.
1192 3596 1273 3654 Paris.

170 3676 246 3730 1657.
275 3674 321 3731 fol.
350 3676 426 3734 Tom.
439 3678 459 3735 I.
478 3702 504 3757 p.
517 3683 557 3735 79.

239 3761 290 3830 64)
314 3761 402 3836 Quam
420 3765 550 3820 intrusam
567 3765 683 3826 hominis
701 3769 811 3838 insulsi,
836 3779 866 3826 ut
884 3781 962 3848 putat
979 3770 1079 3827 saecoli
1098 3770 1176 3839 thl,
1195 3773 1274 3826 intro·

169 3842 321 3902 ductionem
339 3850 427 3905 reiicit
444 3849 579 3921 Maonert,
598 3875 655 3910 eam
674 3855 772 3911 Simler
791 3856 913 3927 (Aethici
932 3877 1013 3916 cosm.
1033 3867 1082 3914 etc.
1102 3859 1183 3934 epist.
1203 3856 1272 3913 dedi-

169 3940 219 3987 cat.
238 3933 367 4008 p.**14.)
391 3935 599 4015 descriptionem
622 3940 768 3997 secundum
791 3942 860 3998 coeli
883 3942 974 4020 plagas
994 3942 1206 4020 quadripartitae
1225 3954 1273 4000 ter·

168 4036 213 4072 rae
236 4027 340 4087 censet,
366 4023 441 4078 cuius
459 4023 590 4080 Aethicus
608 4027 685 4082 initio
703 4048 783 4084 verae
801 4028 1018 4107 cosmographiae
1035 4031 1172 4100 meminit,
1197 4050 1272 4108 quam

168 4111 256 4160 autem
277 4102 375 4161 frustra
399 4112 491 4184 quaeri
508 4109 630 4168 Mannert
652 4116 762 4182 asserit,
786 4113 974 4194 falsariumque
995 4114 1069 4172 illum
1088 4115 1158 4174 hanc
1177 4127 1204 4174 et
1222 4115 1270 4174 alia

168 4191 323 4267 corrupisse
340 4194 434 4268 arguit.
448 4252 451 4258 ,
