2640 4764
610 191 631 256 3

56 367 134 433 Nec
155 387 214 452 per
237 362 363 430 saecula
388 368 559 451 sequentia,
582 369 636 452 qui
658 366 808 432 chronica
831 367 883 433 vel
905 374 1173 453 consarcinarunt,

56 469 114 536 vel
138 469 360 548 condiderunt,
384 471 507 535 Orosio
532 481 585 535 aut
608 473 662 550 uti,
686 481 740 536 aut
762 476 955 538 mentionem
979 477 1046 539 eius
1067 475 1173 543 facere

59 574 260 640 destiterunt.
319 575 373 639 Sic
404 574 603 638 Hermannus
633 584 829 654 contractus,
858 577 1020 642 Marianus
1050 580 1172 660 Scotus,

59 679 249 768 Sigebertns
272 676 529 753 Gemblacensis;
554 686 585 741 at
607 681 661 763 qui
682 678 736 743 vel
752 680 952 764 Prosperum,
974 681 1028 746 vel
1044 683 1173 748 Genna-

61 782 149 848 dium
173 781 370 866 descripsere
394 779 435 845 de
457 781 589 846 Orosio.
634 783 714 847 Item
738 783 914 850 Ordericus
934 786 1049 851 Vitalis
1072 789 1106 851 in
1127 787 1173 852 hi-

58 890 161 951 storia
185 884 398 949 ecclesiastica
413 885 568 949 Nostrum
590 906 625 948 se
641 873 769 951 novisse
785 896 927 953 testatur.
961 889 1171 976 Quantopere

56 994 122 1054 iam
151 989 204 1051 vel
233 991 376 1052 notiores
406 991 609 1074 repressisset
633 992 822 1075 scriptores,
849 990 967 1056 saeculi
991 991 1172 1059 duodecimi

56 1102 158 1158 testes
182 1094 317 1156 citentur
339 1093 421 1158 Otto
446 1093 659 1181 Frisingensis
682 1096 735 1174 (in
759 1096 932 1173 chronico)
958 1105 989 1159 et
1011 1097 1171 1162 lohannes

57 1197 291 1262 Sarisberensis
315 1199 367 1277 (in
390 1194 629 1281 polycratico),
654 1201 707 1281 qui
732 1220 771 1262 eo
795 1197 945 1262 libentius
969 1199 1080 1265 Orosii
1102 1223 1172 1266 ver-

57 1302 111 1366 bis
143 1309 175 1365 et
204 1320 300 1364 sensu
322 1302 368 1364 uti
391 1321 426 1363 se
450 1298 540 1377 dicit,
568 1299 679 1385 „quod
703 1300 918 1366 Christianum
943 1312 974 1367 et
996 1306 1103 1391 magni
1125 1303 1171 1369 di-

58 1403 215 1491 scipulum
239 1405 423 1490 Augustini,
452 1413 586 1489 propter
607 1404 795 1492 religionem
818 1405 897 1470 fidei
919 1415 1062 1486 nostrae,
1090 1409 1171 1472 veri-

57 1511 117 1574 tati
147 1507 330 1596 diligentius
358 1509 532 1571 institisso“
558 1511 643 1572 sciat.
661 1509 688 1588 ⁸)
741 1507 892 1573 Eiusdem
914 1518 1081 1596 praeterea
1104 1530 1171 1575 sae-

57 1613 123 1678 culi
152 1620 264 1677 auctor
285 1609 462 1674 Richardns
491 1610 532 1675 de
562 1611 593 1676 S.
616 1613 751 1676 Victore
778 1616 812 1676 iu
843 1612 927 1677 libro
951 1621 1170 1699 excerptorum

56 1719 148 1781 varie
166 1715 372 1800 descripsisse
387 1713 514 1778 videtur
528 1715 692 1794 Orosium,
705 1718 732 1795 ⁹)
758 1716 935 1803 eodemque
951 1718 1077 1802 saepius
1093 1736 1170 1780 usus

57 1831 108 1886 est
130 1818 340 1886 Godofredus
363 1817 586 1883 Viterbiensis.
606 1820 645 1899 ¹⁰)
696 1821 749 1883 De
772 1823 867 1884 tertio
891 1820 1015 1885 decimo
1040 1817 1169 1883 saeculo

56 1943 307 1989 commemorare
339 1919 478 1985 sufficiat
506 1943 583 2007 prae
613 1926 744 1987 caeteris
773 1924 886 1988 Nostri
916 1922 1068 1987 asseclam
1090 1922 1171 1986 Viu-

59 2029 196 2091 centium
212 2025 491 2101 Bellovaceusem3
513 2047 618 2111 neque
640 2048 719 2091 vero
737 2027 909 2094 Martinum
924 2026 1093 2105 Polonum,
1116 2047 1171 2091 ne·

57 2153 122 2218 que
143 2129 374 2219 Engelbertum
396 2131 553 2208 omittam,
574 2128 719 2194 abbatem
739 2131 1000 2197 Admontensem.
1016 2131 1055 2211 ¹¹)
1101 2130 1171 2194 No

55 2246 122 2301 tum
146 2246 310 2322 praeterea
333 2235 441 2297 inveni
456 2222 609 2297 Nostrum
629 2232 742 2297 decimi
761 2240 863 2321 quarti
878 2233 1086 2320 scriptoribus
1102 2233 1170 2299 Go-

56 2338 169 2404 belino
193 2340 353 2403 Personae
382 2339 436 2416 (in
459 2336 734 2420 cosmodromio),
762 2360 799 2402 ac
826 2339 946 2403 Iacobo
972 2339 1126 2424 Twinger
1152 2357 1171 2400 a

56 2443 302 2531 Konigshoven.
321 2442 361 2521 ¹²)
406 2441 556 2526 Denique
579 2443 632 2527 qui
655 2463 739 2506 anno
763 2445 850 2508 1430
873 2443 968 2521 obiit,
998 2442 1044 2505 Μ.
1064 2440 1171 2505 Theo-

57 2547 201 2612 doricum
218 2543 446 2631 Engellrusium
469 2548 640 2625 nominem,
662 2549 695 2610 in
715 2548 856 2612 chronici
871 2547 1094 2611 chronicorum
1119 2565 1170 2608 er-

57 2651 168 2728 ordio,
191 2647 232 2712 ad
254 2650 407 2714 Orosium
429 2648 552 2713 fontem
575 2671 610 2713 se
633 2655 804 2716 recurrisse
826 2650 1040 2736 profitentem.
1059 2649 1110 2727 ¹³).

59 2791 262 2802 —-———-

128 2874 164 2944 8)
187 2872 295 2949 Polycr.
320 2874 379 2930 sive
401 2873 436 2929 de
458 2877 535 2951 nugis
560 2876 698 2933 curialium
717 2887 744 2933 et
761 2876 883 2952 vestigiis
900 2871 1089 2952 philosophor.
1106 2869 1169 2928 libr.

56 2959 199 3018 tillieto.
235 2959 322 3036 Lugd.
341 2959 401 3015 Bat.
421 2963 498 3017 1639.
526 2964 552 3018 8.
587 2963 605 3019 l.
618 2963 691 3032 Vlll,
712 2967 753 3020 18.
771 2985 798 3042 p.
809 2966 869 3019 640.

124 3054 168 3124 ,9)
192 3052 235 3109 Cf.
255 3052 333 3110 Vino.
352 3052 457 3111 Bellov.
477 3054 578 3132 specul.
597 3055 659 3113 hist.
683 3055 743 3123 Vll,
760 3060 803 3111 35.

136 3149 186 3216 10)
206 3146 261 3221 Qui
279 3157 368 3204 tamen
385 3149 431 3205 ubi
451 3148 517 3204 adeo
535 3151 604 3227 ipsis
618 3149 712 3205 Orosii
729 3150 819 3205 verbis
838 3151 878 3204 uti
895 3168 926 3204 se
944 3148 1049 3216 asserit,
1067 3156 1170 3204 textum

55 3231 153 3289 Nostri
172 3235 328 3291 immutasse
347 3243 374 3290 et
393 3237 501 3313 saepius
520 3235 574 3291 sibi
593 3254 739 3292 exornasse
757 3234 837 3291 nobis
855 3233 969 3291 videtur.

129 3327 182 3397 11)
207 3329 253 3403 qui
276 3329 305 3383 in
329 3327 430 3404 specul.
452 3331 544 3385 virtut.
566 3350 615 3385 ms.
639 3329 818 3407 pedissequus
837 3325 931 3385 Orosii
953 3348 996 3406 ap.
1013 3324 1106 3382 Barth.
1125 3324 1170 3381 ad·

55 3431 125 3470 vers.
144 3412 278 3482 XXXVI,
298 3435 321 3470 c.
333 3417 375 3470 17.
393 3412 496 3470 laudari
514 3414 619 3473 dicitur.

131 3507 183 3576 12)
207 3506 250 3564 Cf.
270 3506 402 3565 Schilter:
421 3512 522 3564 anm.2.
543 3510 564 3579 §.
575 3514 600 3564 2.
619 3531 645 3586 p.
655 3512 717 3564 1153.
737 3507 800 3564 edit·
820 3527 892 3564 suae.

130 3601 182 3668 13)
204 3600 372 3658 Admoneam
394 3613 497 3669 tamen,
521 3622 563 3658 me
584 3623 640 3657 non
658 3605 711 3658 nisi
730 3601 912 3659 celebritatem
931 3601 1021 3678 operis
1041 3598 1169 3655 Orosiani

56 3693 85 3740 et
103 3687 221 3743 nominis
241 3687 424 3744 demonstrare
440 3688 568 3744 voluisse.
599 3687 666 3744 Nam
679 3698 825 3755 auctorum,
845 3707 912 3763 quos
925 3685 1099 3754 laudavimus,
1118 3705 1169 3742 nec

55 3790 122 3827 vere
140 3774 184 3828 usi
203 3784 267 3829 sunt
282 3773 385 3830 Nostro
404 3795 506 3843 omnes,
525 3795 575 3830 nec
594 3776 640 3849 qui
658 3774 810 3842 utebantur,
829 3794 881 3831 una
900 3791 1006 3848 semper
1025 3771 1170 3848 eademque

56 3858 163 3914 ratione
182 3880 242 3915 eum
261 3860 441 3916 adsciverunt.
473 3859 556 3935 Quod
574 3860 621 3915 ubi
639 3863 680 3916 sic
696 3859 794 3916 factum
813 3870 863 3926 est,
882 3867 912 3914 ut
924 3856 995 3934 apud
1007 3856 1169 3926 Frecullum,

55 3940 189 4000 Ottonem
200 3944 400 4019 Frisingensem
418 3956 446 4002 et
458 3944 628 4002 Vincentium
640 3946 868 4013 Bellovacensem,
887 3943 965 4001 facile
977 3963 1043 4000 sane
1054 3942 1170 4000 animad-

54 4030 127 4084 verti
149 4040 257 4107 potest3
280 4030 421 4087 difficilius
444 4032 551 4108 quidem
569 4031 642 4110 apud
660 4032 741 4101 alios,
766 4031 862 4108 quibus
880 4032 942 4108 ipso
960 4049 1015 4085 non
1032 4030 1168 4085 nominato

55 4111 174 4182 Orosio,
198 4135 305 4192 semper
328 4116 423 4172 saltem
448 4117 556 4174 eosdem
582 4127 662 4194 atque
684 4116 725 4173 illi
748 4116 833 4173 luisse
852 4116 941 4191 colligi
960 4124 1052 4192 potest
1070 4113 1168 4182 fontes,

55 4218 140 4275 quum
156 4199 277 4257 lustinus
300 4205 458 4279 praesertim
481 4213 509 4259 et
526 4201 660 4260 Eusebius
684 4221 768 4277 aeque
790 4223 821 4259 ac
838 4201 939 4260 Noster
960 4200 1096 4258 notissimi
1113 4197 1168 4256 lue-

913 4288 967 4353 l*
