2640 4764
623 195 685 260 105

102 394 165 460 pus
188 373 447 437 consecutionem
470 391 573 435 rerum
597 371 681 458 apud
700 381 874 458 utrumque,
897 376 1010 453 (etiam
1024 374 1079 438 uhi
1096 396 1133 439 ea
1147 376 1211 439 nisi

101 499 164 564 per
187 480 343 563 epitomas
356 474 510 539 librorum
526 474 766 560 deperditorum
781 477 917 565 intelligi
932 498 999 542 non
1014 482 1153 564 potest);
1166 480 1208 559 ⁸³)

102 591 171 646 tum
193 583 331 666 ipsarum
353 602 456 644 rerum
480 599 678 656 consensum,
702 592 734 645 et
750 582 835 647 hunc
849 582 1031 647 auctoribus
1046 582 1116 647 aliis
1130 604 1210 647 non-

101 706 265 771 nunquam
288 683 521 758 adversantem
544 682 680 768 denique
702 687 837 773 vestigia
858 687 982 750 minora
998 686 1133 771 quidem,
1156 689 1211 751 mi·

101 792 190 871 nime
212 809 290 852 vero
314 786 532 873 despicienda,
561 808 705 852 consona
727 789 839 868 verba,
862 790 1061 857 elocutiones
1084 789 1211 869 similes,

100 894 229 958 Livium
251 893 418 977 sapientes,
441 893 518 955 vitia
540 890 622 956 adeo
642 916 722 978 quae
738 896 898 959 conscium
912 897 1108 980 insciumque
1125 916 1211 959 com-

101 998 226 1061 misisse
245 995 398 1060 Orosium
420 994 630 1060 demonstrari
653 1006 769 1082 potest,
793 1009 825 1062 et
847 1019 927 1083 quae
949 1001 1001 1062 vix
1023 999 1088 1063 alio
1111 998 1209 1064 modo

102 1123 141 1164 ac
168 1100 282 1164 leviter
310 1098 478 1184 obiterque
505 1109 641 1164 tractato
665 1110 697 1165 et
724 1100 810 1166 lecto
833 1103 942 1179 Livio,
971 1100 1053 1166 adeo
1079 1107 1209 1168 inverso

102 1225 143 1268 eo
165 1204 301 1269 Orosius
324 1202 507 1281 confecerit,
530 1225 623 1288 quem
646 1204 772 1289 quidem
796 1209 968 1291 praecipue
991 1207 1050 1285 hic,
1072 1209 1106 1269 in
1122 1215 1210 1270 tanta

101 1329 210 1372 rerum
231 1307 332 1385 mole,
355 1327 426 1370 eum
448 1308 626 1372 invenimus
651 1299 772 1392 qualern
797 1312 923 1394 saepius
945 1312 1007 1372 iam
1029 1311 1063 1372 in
1083 1313 1210 1374 univer-

102 1433 174 1476 sum
197 1421 229 1476 et
250 1414 284 1475 in
307 1408 439 1497 singulis
462 1414 701 1496 proposuimus:
726 1416 813 1477 cuius
828 1417 876 1477 rei
892 1413 1081 1477 documenta
1096 1414 1187 1477 infra.

193 1512 364 1580 Caeterum
378 1514 472 1576 Livio
495 1512 655 1599 hodieque
671 1520 841 1601 superstite
856 1538 946 1581 usum
964 1538 1033 1581 esse
1049 1517 1210 1595 Orosium‚

102 1621 266 1682 maximam
294 1629 417 1705 partem
444 1615 542 1680 facile
566 1619 659 1683 nobis
688 1618 906 1706 persuadetur.
957 1621 1021 1684 Pro
1050 1619 1138 1684 libris
1169 1620 1208 1684 ab

101 1720 272 1786 undecimo
303 1722 343 1786 ad
371 1724 553 1786 vicesimum
583 1745 683 1809 usque
712 1722 934 1788 deficientibus
964 1724 1058 1788 nobis
1082 1722 1210 1809 quidem

100 1827 216 1913 partim
237 1825 423 1901 Plutarchus
451 1828 505 1904 (in
527 1826 687 1911 Pyrrho),
716 1830 829 1912 partim
858 1849 952 1906 vero,
984 1850 1077 1913 quem
1100 1829 1210 1892 Livius

100 1931 172 2015 ipse
194 1951 307 2015 presso
322 1930 415 2017 pede
437 1939 564 1997 secutus
580 1939 636 2007 est,
654 1928 812 2016 Polybius
828 1941 1011 2017 suppetunt.
1049 1932 1115 1996 Ubi
1130 1953 1209 1997 vero

101 2032 199 2119 plane
223 2033 338 2098 desinit
352 2035 469 2110 Livius,
491 2035 524 2096 in
539 2035 662 2098 Nostro
686 2037 747 2098 iam
771 2058 788 2098 a
812 2039 915 2121 capite
937 2038 1088 2100 vicesimo
1105 2039 1209 2121 primo

101 2136 178 2200 libri
202 2141 317 2222 quarti,
345 2136 507 2202 difficilior
528 2136 674 2202 redditur
697 2139 889 2224 disquisitio,
913 2148 1017 2203 tamen
1041 2138 1211 2205 documen·

101 2243 142 2304 tis
166 2245 366 2330 antegressis,
388 2262 486 2327 porro
511 2244 656 2328 epitomis
677 2242 857 2321 fusioribus
881 2253 912 2307 et
935 2243 1058 2308 collatis
1077 2248 1210 2330 scripto-

100 2345 189 2408 ribus
213 2344 290 2423 aliis‚
312 2367 355 2409 ne
377 2367 436 2431 pro
462 2356 549 2410 certo
573 2345 743 2410 habeamus
759 2348 842 2410 Livii
865 2369 963 2427 usum,
985 2351 1037 2412 vix
1061 2349 1136 2434 quid
1153 2349 1210 2414 ob-

100 2459 180 2512 stat:
203 2448 407 2513 decrescente
429 2471 506 2512 vero
531 2453 678 2535 epitome,
702 2451 944 2538 augescentibus
968 2462 1072 2519 autem
1096 2464 1128 2516 et
1147 2475 1210 2516 am-

100 2552 172 2618 bitu
197 2562 228 2616 et
248 2563 410 2616 momento
434 2552 538 2630 rebuS,
562 2553 767 2619 difficultates
789 2575 866 2617 sane
889 2576 1030 2618 crescere
1053 2556 1209 2635 videntur,

102 2667 134 2720 at
165 2658 216 2719 hic
243 2659 304 2720 iam
332 2655 512 2720 firmissimo
539 2660 666 2723 nitimur
688 2656 905 2722 fundamento.
957 2658 994 2721 ln
1017 2657 1096 2721 locis
1120 2681 1210 2744 prae-

100 2771 204 2838 terea,
233 2782 313 2845 quos
336 2758 434 2823 modo
458 2759 718 2847 significavimus,
749 2762 812 2826 hoc
833 2763 982 2846 imprimis
1005 2761 1209 2828 observatum

103 2875 166 2944 est,
197 2864 298 2950 qualis
322 2866 461 2928 narratio
486 2865 662 2944 Orosiana,
691 2865 792 2951 qualis
816 2888 851 2930 ea
875 2866 1024 2944 aliorum,
1054 2875 1209 2951 quatenus

101 2979 260 3056 congruat
281 2990 358 3055 prae
381 2971 512 3033 caeteris
537 2992 606 3034 cum
629 2972 675 3047 iis,
699 2975 752 3055 qui
774 2970 986 3035 verisimiliter
1009 2980 1063 3034 aut
1078 2970 1208 3036 eosdem

102 3082 198 3158 atque
216 3073 325 3138 Livius
348 3075 449 3137 secuti
472 3083 579 3137 essent
600 3073 716 3153 fontes,
739 3085 793 3139 aut
817 3097 887 3140 eum
910 3077 1012 3160 ipsum
1035 3078 1207 3140 novissent.

101 3176 222 3262 Qualia
243 3179 414 3264 praecipuo
437 3179 469 3238 in
484 3175 655 3241 Plutarcho
674 3181 808 3263 carpino,
831 3186 943 3263 postea
959 3177 1115 3262 iri-Dione
1131 3177 1210 3243 Cas-

101 3285 152 3346 sio
177 3293 338 3367 apparent.
376 3280 509 3365 Semper
531 3290 635 3346 tamen
659 3292 779 3346 restant
800 3282 905 3346 adhuc
927 3281 1022 3346 dubia
1046 3282 1208 3362 nonnulla,

101 3384 369 3469 difficultatesque
391 3383 444 3448 vel
467 3387 612 3463 maiores,
632 3385 684 3449 vel
708 3390 854 3464 minores,
878 3385 918 3451 de
942 3385 1054 3471 quibus
1075 3398 1209 3472 propter
1284 3441 1287 3447 .

101 3494 254 3576 imparem
282 3490 394 3553 Nostri
423 3488 611 3573 excerpendi
640 3492 812 3570 rationem,
847 3488 944 3553 modo
974 3493 1208 3570 accuratiorem,

102 3595 202 3659 modo
228 3597 330 3658 minus
354 3603 544 3670 accuratam,
575 3592 739 3657 diiudicari
761 3599 884 3679 nequit,
915 3615 1009 3678 quum
1032 3595 1132 3656 maior
1154 3597 1209 3658 mi-

101 3721 206 3765 norve
227 3695 468 3770 verisimilitudo
493 3696 570 3761 nihil
593 3696 727 3761 dirimat.
764 3699 878 3785 Neque
900 3698 1081 3782 ubicunque
1103 3699 1215 3762 certis-⁴

175 3977 227 4045 83)
249 3976 422 4034 Admonitum
435 3979 531 4033 'tamen
549 3975 628 4032 velim
647 3976 788 4045 lectorem,
813 3999 847 4034 ne
866 3977 1017 4052 ubicunque
1035 3978 1208 4054 epitomarum

104 4074 133 4120 et
149 4062 282 4119 librorum
300 4063 422 4120 ordinem
439 4085 528 4141 rerum
547 4063 668 4120 eumdem
686 4074 802 4132 censeat,
821 4085 902 4140 quum
916 4085 965 4142 per
978 4064 1076 4119 librum
1095 4084 1209 4139 sparsa

103 4152 218 4206 minoris
242 4153 370 4206 momenti
393 4153 500 4229 saepius
524 4153 552 4206 in
570 4151 625 4206 fine
643 4153 774 4228 epitomes
792 4150 937 4207 collecta
956 4162 1069 4208 exstent.
1112 4151 1209 4226 Qualia

103 4236 289 4293 verisimiliter
307 4240 386 4294 etiam
404 4239 432 4294 in
452 4240 576 4316 epitomis
595 4237 795 4316 deperditorum
815 4236 943 4294 librorum
964 4248 1114 4296 occurrunt.
