2640 4764
685 187 729 253 28

154 365 302 428 Ximenio
326 364 446 429 Orosio
471 364 620 429 tributum
638 366 902 452 Augustiniannrn
925 363 1005 429 illud
1028 385 1098 428 esse
1121 367 1258 429 coniicit.

156 506 196 518 -
221 470 396 549 Immerit0,
419 480 455 534 ut
477 469 605 546 dicitur,
630 468 890 533 adscribebantur
911 469 1033 532 Nostro
1057 472 1259 553 quaestiones

154 571 196 635 de
225 574 365 637 trinitate
395 585 427 638 et
454 573 523 637 aliis
546 576 719 658 scripturae
741 594 849 636 sacrae
871 572 952 637 locis
975 572 1015 636 ad
1037 574 1259 661 Augustiuum,

155 675 260 739 editae
282 678 410 740 Parisiis
436 680 521 742 1533
544 678 603 759 (ct.
627 677 850 741 schonemann
873 675 947 740 bibl.
965 678 1024 761 Pp.
1047 678 1086 740 11.
1110 700 1141 761 p.
1154 679 1257 756 485.);

107 863 113 871 ¹
154 777 228 842 dein
257 779 429 867 „dialogus
452 783 541 844 LXV
564 784 740 866 quaestion.
764 781 873 845 Orosii
900 783 1118 865 percontantis
1143 791 1175 845 et
1198 782 1258 844 Au-

153 887 272 971 gustini
288 885 544 972 respondentis“‚
568 884 627 965 (de
644 906 704 969 qua
722 885 880 971 farragine
896 885 934 947 ef.
953 884 1074 949 Oudini
1090 892 1256 948 comment.

154 987 195 1052 de
218 992 337 1074 scriptt.
355 989 430 1054 eccl.
447 999 510 1052 ant.
533 990 620 1074 Lips.
637 990 731 1052 1722.
756 987 810 1051 iol.
837 989 964 1051 Turul.
988 987 1171 1066 c01.963.);
1195 986 1257 1065 „de

152 1093 215 1156 situ
243 1097 392 1179 antiquae
415 1093 594 1178 Babylonis
619 1103 651 1155 et
674 1090 899 1178 Cartlraginis“
915 1093 957 1172 ⁵⁹)
987 1100 1019 1155 et
1046 1092 1111 1170 „de
1135 1091 1257 1154 Adu1n“

153 1218 204 1282 ap.
228 1198 299 1261 Nic.
323 1197 441 1260 Anton.
465 1196 485 1261 l.
502 1197 522 1260 l.
547 1197 639 1281 §.23.
684 1195 907 1259 Schoueruann
929 1194 986 1259 1.1.
1009 1199 1061 1259 vix
1083 1206 1258 1259 memoratu

152 1299 250 1386 digna
274 1311 397 1377 censet3
419 1303 476 1379 „in
500 1303 621 1364 cantica
645 1303 860 1364 cantieorum“
874 1300 916 1380 ⁶⁰)
939 1323 989 1386 ap.
1003 1301 1211 1364 Trithemium
1227 1308 1259 1362 et

152 1402 233 1468 alios
255 1414 375 1491 postea,
400 1427 436 1468 ex
452 1408 614 1469 nominum
631 1404 821 1468 confusione
837 1405 957 1469 Orosio
973 1405 1099 1482 tributa,
1120 1405 1259 1467 Honorii

152 1507 455 1596 Augustodunensis
478 1519 566 1588 sunt,
597 1511 686 1573 cuius
709 1519 741 1572 et
764 1507 828 1586 „de
850 1510 907 1571 vir.
929 1507 1097 1573 illustrib.“
1122 1529 1193 1571 esse
1214 1509 1258 1568 vi-

151 1611 244 1677 detur
267 1636 317 1699 ap.
335 1612 375 1678 G.
389 1615 541 1678 Vossium
564 1612 605 1676 de
628 1612 698 1677 hist.
714 1614 782 1677 Lat.
807 1622 839 1676 et
861 1611 899 1676 al.
926 1652 967 1661 —
991 1612 1102 1692 „Libri
1119 1610 1158 1674 ad
1175 1611 1259 1672 Mar-

153 1714 332 1795 cellinum“,
353 1717 433 1781 salsa
457 1717 665 1781 conclusione
690 1737 726 1779 ex
749 1717 876 1779 intrusis
899 1719 932 1779 in
956 1715 1194 1803 apologeticum
1210 1737 1258 1777 ca-

150 1819 270 1905 pitibus
287 1821 408 1885 Orosio
433 1821 590 1907 adscripti,
614 1821 785 1906 Augustini
807 1830 888 1898 suut,
911 1820 975 1899 „de
999 1830 1110 1883 natura
1135 1830 1167 1883 et
1189 1841 1258 1906 gra-

151 1925 227 1987 tia“.
285 1925 360 2003 „De
384 1928 508 2014 origine
532 1929 677 1989 animue“
708 1935 740 1989 et
767 1923 830 2003 „de
853 1928 977 1989 ratione
1000 1927 1145 1987 animae“
1174 1944 1259 1986 corn-

150 2030 357 2092 monitorium
386 2033 453 2094 sive
479 2041 540 2108 est,
570 2033 636 2093 sive
661 2051 730 2092 esse
753 2028 893 2107 videtur,
924 2051 1109 2115 quamquam
1134 2027 1258 2091 Trithe-

151 2134 231 2196 nrius
254 2131 274 2194 l.
291 2131 326 2210 1.,
355 2136 630 2198 commonitorium
653 2132 779 2218 quidem
803 2136 965 2212 omittens,
989 2133 1029 2196 ad
1051 2132 1169 2195 librum
1191 2131 1257 2209 „de

149 2239 275 2300 ratione
291 2238 435 2300 animae“
456 2238 542 2302 hisce
557 2237 662 2301 verbis
682 2235 787 2314 „Cum
804 2236 888 2322 apud
904 2259 963 2301 vos
981 2236 1152 2301 coelestis“
1170 2235 1258 2298 aliud

151 2349 245 2424 atque
261 2338 345 2404 illius
361 2341 479 2404 indicat
494 2343 626 2405 initium.
661 2340 735 2424 Qua
757 2339 797 2403 de
808 2364 909 2423 ‘causa
926 2342 987 2420 alii,
1012 2364 1057 2405 ex.
1074 2363 1120 2427 gr.
1137 2340 1255 2403 Funcc.

151 2442 192 2506 de
220 2464 291 2530 reg.
322 2443 376 2508 lat.
398 2444 474 2532 ling.
497 2457 615 2509 senect.
645 2445 732 2508 Vlll.
761 2445 790 2528 ἓ.
808 2446 860 2508 85.
885 2469 915 2531 p.
934 2448 1008 2510 817.
1038 2444 1101 2523 „de
1130 2447 1257 2507 ratione

151 2549 296 2610 auimae“
325 2547 442 2612 librum
468 2552 550 2613 inter
574 2547 757 2634 deperditos
780 2550 892 2612 Nostri
914 2549 1061 2614 retulere.
1086 2585 1128 2595 -
1157 2549 1258 2611 Deni-

151 2672 213 2735 que
249 2673 286 2715 ex
319 2653 522 2740 apologetico
554 2654 665 2718 Orosii
694 2652 758 2716 duo
790 2652 906 2718 diversi
935 2656 1050 2738 passim
1079 2653 1155 2714 facti
1182 2662 1258 2715 sunt

148 2754 223 2818 libri
251 2755 315 2834 „de
344 2756 447 2821 libero
476 2757 632 2821 arbitrio“
662 2767 694 2820 et
722 2757 968 2844 „apologeticus
991 2757 1142 2820 adversus
1166 2754 1257 2820 Pela·

148 2862 295 2946 giauos“,
316 2870 352 2922 ut
374 2863 408 2922 in
430 2860 505 2924 Ant.
523 2861 690 2924 Possevini
712 2884 782 2945 app.
799 2883 876 2924 sacr.
908 2864 1000 2924 Torn.
1013 2861 1052 2924 11.
1076 2885 1107 2946 p.
1120 2863 1195 2924 229.
1212 2901 1256 2910 -

149 2964 198 3026 Ac
219 2985 260 3026 ne
283 2961 360 3048 quid
382 2965 524 3027 omisisse
546 2964 606 3028 tibi
627 2964 751 3042 videar,
777 2985 956 3049 anonymus
978 2965 1033 3029 ille
1057 2964 1256 3029 Mellicensis

150 3067 271 3132 Orosio
295 3088 355 3131 suo
378 3077 614 3146 „commentum
636 3072 669 3132 in
691 3067 806 3131 librum
822 3068 989 3133 duodecim
1005 3071 1256 3155 prophetarum“

149 3171 315 3249 adscribit;
338 3170 396 3235 sed
417 3173 496 3237 baec
518 3176 568 3237 vix
591 3174 744 3237 Nostrum
768 3172 940 3236 adtineant.

219 3398 270 3468 59)
293 3397 345 3474 Ap.
361 3396 540 3455 lllontsaueon.
559 3399 623 3458 bibl.
637 3399 712 3456 bibll.
732 3400 808 3456 Tom.
822 3401 840 3457 l.
860 3410 967 3457 notatur
986 3423 1000 3456 e
1018 3401 1083 3457 bibl.
1096 3405 1256 3458 monasterii

148 3483 249 3540 Bened.
269 3483 294 3540 b.
314 3482 413 3540 Mariae
431 3483 586 3542 Florentiua
606 3486 722 3555 „Orosii
741 3486 774 3543 de
793 3491 993 3543 constructione
1011 3487 1142 3544 Romae“.
1162 3491 1174 3545 l

219 3586 271 3656 60)
293 3585 323 3641 ln
342 3586 406 3643 bibl.
424 3607 479 3663 reg.
491 3586 600 3644 Vratisl.
620 3589 647 3643 in
666 3589 725 3644 eod.
740 3588 822 3646 chart.
842 3612 863 3646 a.
885 3593 953 3646 1375
976 3589 1071 3658 (codd.
1089 3613 1152 3648 mss.
1173 3592 1254 3649 class.

148 3670 195 3738 IV,
212 3673 237 3726 3.
258 3671 388 3786 (philol.)
406 3670 453 3728 lol.
473 3675 587 3744 noll.)
606 3676 670 3731 iten1
688 3686 775 3732 exstat
793 3675 933 3745 „Orosius
953 3696 1053 3752 super
1071 3681 1174 3734 cantica
1194 3701 1255 3737 cau·

148 3760 262 3814 ticorurn
287 3802 292 3813 .
